4666 5894
241 139 316 281 sn
409 164 415 171 ’
817 196 940 273 cruc.
975 197 1088 270 aaa.
1122 193 1324 269 scurra
1359 191 1694 299 rmaococrca
2197 189 2279 266 sac

167 393 169 397 ’
241 380 316 449 tius
331 376 437 449 scribi
454 373 619 443 voluerit.
671 372 810 442 Deinde
826 395 891 464 per
905 370 1134 440 reiectionem
1150 394 1234 462 pro·
1288 365 1420 464 saiw),
1446 393 1527 440 cum
1551 371 1689 438 confert
1711 392 1815 438 suum
1838 389 1965 459 poema
1989 361 2156 458 myricis,
2183 388 2282 457 quae

244 480 361 573 ponit,
385 501 421 548 sc
439 476 477 543 in
486 474 665 545 Bucolicis
678 487 800 544 tamen
816 474 1107 567 praedicaturum
1124 472 1235 564 ipsius
1284 482 1370 542 suut
1392 467 1546 541 humiles
1567 483 1603 541 et
1623 482 1860 562 contemptae.
1923 467 2006 541 ldeo
2030 466 2113 558 plus
2134 466 2280 556 gratiae

246 583 379 651 laudes.
430 579 560 649 Postea
577 591 856 647 commemorata
877 576 1063 647 occasione
1089 575 1234 645 cantile·
1286 573 1393 643 estin
1411 573 1621 656 collatione,
1647 573 1732 668 quia
1747 573 1855 642 nimis
1875 594 2004 662 magna
2029 581 2085 640 est
2104 581 2281 641 extenua·

244 708 314 752 nae
327 677 474 750 inchoat
495 675 572 749 eam
595 703 616 747 a
641 679 820 748 creatione
842 679 990 761 mundi,
1023 676 1087 748 ubi
1108 677 1235 747 recitat
1286 673 1358 757 tio,
1385 699 1452 747 nec
1468 700 1597 769 poema
1613 675 1792 746 mediocre
1809 687 1884 745 tarn
1900 673 1969 743 vile
1983 672 2212 756 ducendum,
2238 687 2282 744 ut

243 786 419 854 mundum
437 795 473 851 ct
486 782 692 852 universam
715 772 883 851 natuiam
908 779 1063 850 extitisse
1085 804 1171 851 casu
1192 802 1235 848 ex
1284 776 1402 846 simile
1418 778 1563 870 myricis
1579 778 1750 861 dicatur,
1772 780 1836 847 sed
1857 776 1979 845 addita
2001 788 2054 846 est
2080 776 2279 846 comeo:

244 886 386 957 atomis.
426 883 601 978 Reliquae
613 883 756 953 fabulae
772 907 815 952 ex
831 895 957 953 autore
971 893 1115 974 patent,
1141 905 1234 976 quae

243 989 300 1056 vel
316 991 362 1056 ad
374 983 543 1057 historias
558 985 615 1054 vel
630 987 676 1055 ad
694 1008 832 1068 mores,
866 996 929 1054 aut
951 1007 1158 1054 communes
1182 984 1234 1051 vi-

243 1101 302 1158 toe
319 1113 419 1159 casus
435 1087 560 1156 referri
576 1100 737 1178 possunt.
789 1087 978 1156 Caeterum
997 1088 1118 1155 ferunt
1136 1084 1234 1156 Cice-

243 1214 372 1275 ronem
402 1190 510 1272 olim,
550 1212 631 1258 cum
662 1191 756 1261 forte
786 1187 1004 1259 interfuisset
1031 1187 1233 1258 recitationi

243 1289 351 1362 huius
366 1290 519 1381 Eclogae
533 1291 571 1357 in
587 1287 749 1373 theatro,
772 1303 808 1359 ct
822 1290 1133 1362 animadvertisset
1154 1313 1232 1360 eam

244 1416 472 1487 nequaquam
500 1416 574 1462 esse
594 1393 751 1484 vulgaris
775 1392 929 1484 ingenii,
970 1394 1020 1462 ita
1041 1392 1149 1464 fuisse
1171 1395 1234 1460 ad-

244 1496 414 1565 miratum
432 1495 600 1564 carminis
616 1494 843 1585 elegantiam,
861 1509 903 1565 ut
921 1498 966 1564 de
983 1508 1109 1565 autore
1125 1519 1233 1589 quae·

243 1598 356 1681 aierit,
372 1610 406 1666 et
422 1597 460 1665 in
475 1621 577 1667 snam
592 1610 628 1665 ct
641 1610 770 1686 poetae
784 1597 929 1667 laudem
944 1596 1052 1669 dixit:
1081 1597 1234 1690 Magnae

243 1723 324 1791 spes
346 1699 457 1768 altera
485 1697 695 1792 Romaen).
763 1696 881 1790 Quam
915 1723 1039 1768 vocem
1062 1698 1234 1791 Virgilius

244 1813 367 1892 postea
383 1803 431 1870 ad
445 1799 639 1871 Ascanium
656 1800 694 1868 in
711 1798 870 1870 Aeneide
880 1798 929 1897 ⁷⁴)
945 1801 1079 1873 retulit.
1112 1802 1114 1804 ’

548 2005 684 2076 atiud
707 2004 924 2076 eiusdem.

348 2138 499 2211 Generis
517 2151 570 2210 est
583 2139 869 2211 demonstrativi.
904 2139 1092 2210 Caeterum
1101 2138 1234 2230 Ecloga

245 2243 285 2313 in
298 2241 388 2313 Vari
406 2242 581 2333 gratiam,
614 2266 721 2336 quem
743 2241 942 2334 plurimum
967 2241 1137 2333 diligebat
1153 2241 1235 2310 Vir·

246 2345 371 2439 gilius,
398 2357 541 2436 apoeta
561 2344 760 2436 conscripta
777 2357 848 2429 est,
883 2345 941 2415 cui
964 2345 1092 2415 deinde
1115 2368 1235 2414 emcn-

245 2450 449 2517 dandorum
481 2445 636 2539 Virgilii
656 2447 857 2517 carminum
885 2449 931 2517 ab
958 2448 1121 2539 Augusto
1149 2472 1234 2517 cura

245 2552 461 2619 demandata
491 2550 570 2619 fuit.
634 2549 752 2619 Porro
776 2574 852 2619 non
875 2564 927 2621 est
945 2547 1107 2622 Bucolici
1131 2573 1235 2642 argu·

244 2652 369 2724 menti.
420 2651 513 2723 Nam
527 2650 707 2745 principio
725 2677 847 2723 rerum
863 2654 1040 2745 originem
1056 2667 1091 2725 et
1112 2675 1235 2724 causas

245 2754 432 2838 describit,
471 2767 594 2850 estque
620 2751 679 2824 hic
702 2756 802 2826 locus
832 2767 929 2825 totus
954 2752 1235 2848 philosophicus.

242 2856 385 2926 Deinde
403 2858 519 2926 obiter
535 2856 654 2925 varias
670 2857 826 2925 Graecas
841 2852 1010 2927 historias
1036 2882 1078 2927 ac
1098 2859 1236 2928 fabulas

245 2959 373 3028 ordine
389 2959 528 3026 recitat.
577 2957 768 3027 Postremo
785 2959 910 3027 laudat
921 2959 1064 3028 Gallum
1078 2972 1236 3052 poetam,

246 3061 304 3128 cui
326 3070 449 3125 tamen
469 3057 550 3126 loco
574 3079 698 3129 rursus
721 3063 896 3153 quasdam
918 3061 1062 3131 subiicit
1085 3063 1235 3133 fabulas.

243 3160 381 3229 Putant
396 3172 514 3228 autem
532 3154 591 3228 hic
604 3161 756 3231 describ‘
773 3161 1034 3256 Epicureorum
1057 3179 1189 3235 sectam
1215 3190 1234 3234 a

244 3261 417 3352 Virgilio,
444 3287 553 3356 quam
576 3262 651 3354 ipsc
677 3277 713 3333 et
757 3291 841 3338 arus
864 3268 1038 3359 aSyrone
1065 3271 1237 3362 quodam,

246 3389 352 3459 quem
374 3361 434 3433 hic
452 3365 612 3434 Silenum
635 3367 756 3459 fingit,
789 3369 965 3440 didicerat
988 3367 1176 3441 Chromim
1203 3384 1238 3441 et

245 3467 450 3561 Mnasylum
469 3492 544 3539 esse
558 3466 751 3560 Virgilium
776 3485 811 3541 et
825 3472 975 3543 Varum.
1036 3472 1172 3544 Verum
1198 3475 1237 3543 in

246 3569 397 3638 exordio
421 3569 527 3653 dicit,
563 3596 599 3642 se
625 3574 667 3640 de
691 3570 899 3660 Theocriti,
931 3601 1039 3669 quem
1063 3577 1236 3661 imitetur,

243 3672 473 3762 simplicitate
488 3675 672 3755 recedere;
696 3689 733 3744 et
746 3678 861 3747 utitur
876 3679 1104 3751 excusatione
1115 3706 1234 3751 rerum

245 3786 283 3841 et
297 3776 502 3862 temporum
519 3799 689 3858 suorum,
714 3778 754 3845 in
777 3780 907 3872 quibus
931 3780 992 3848 illa
1008 3779 1235 3854 Theocritica

243 3874 455 3966 simplicitas
471 3875 605 3969 ubique
622 3879 808 3949 observari
820 3905 895 3952 non
912 3884 1042 3974 potuit.

551 4075 691 4149 Aliud
718 4081 930 4155 eiusdem.
1002 4129 1004 4133 ·

234 4216 253 4221 ”
342 4211 501 4283 Maxime
518 4214 701 4313 decentV)
713 4217 752 4287 in
767 4213 835 4289 hac
851 4220 950 4291 tenui
962 4219 1074 4314 figura
1091 4247 1237 4317 poema-

119 4319 123 4327 ‘
245 4326 321 4385 tum
339 4328 457 4405 gestus
479 4318 693 4407 familiares,
730 4323 859 4418 quibus
882 4325 985 4419 quasi
1006 4325 1074 4417 ipsi
1091 4352 1158 4399 nos
1182 4329 1236 4398 in·

245 4419 477 4510 terpellamus
492 4433 527 4490 et
537 4419 846 4516 reprehendimus.
889 4425 973 4497 ldeo
982 4428 1153 4523 Virgilius
1168 4431 1236 4500 ini-

245 4519 299 4587 tio
324 4519 394 4606 ait,
420 4544 457 4589 se
482 4524 693 4598 scribentem
716 4525 861 4600 heroica
877 4529 1143 4625 interpellatum
1162 4560 1235 4606 esse

247 4621 293 4689 ab
308 4619 499 4712 Apolline,
523 4639 558 4694 et
571 4645 777 4703 revocatum
796 4637 842 4703 ad
857 4631 1039 4708 Bucolica.
1090 4635 1153 4709 Est
1173 4663 1235 4711 au·

233 4734 318 4792 'tem
335 4724 527 4796 bellissima
547 4737 762 4822 extenuatio,
789 4740 887 4833 quod
903 4739 972 4809 ait:
1000 4738 1233 4838 (Vss.10sq.)

250 4830 299 4895 Te
320 4839 474 4916 nostrae,
513 4834 619 4916 Vara,
655 4843 821 4924 myricae,
856 4847 903 4913 Te
924 4867 1040 4915 nomm
1062 4869 1157 4917 omne
1176 4873 1234 4918 co-

246 5000 332 5014 —Ouo
339 5007 453 5017 ,4--01-

235 5091 238 5110 '
282 5106 331 5169 π)
350 5112 408 5162 Hoc
431 5114 532 5168 dictum
548 5085 625 5170 *osse
650 5118 793 5173 ciceronis
817 5127 930 5179 tradunt
953 5131 1068 5185 sentus
1094 5137 1130 5188 ad
1152 5137 1230 5204 Μ.

315 5179 374 5231 ltct.
386 5180 437 5246 vt,
456 5185 496 5238 tt.
517 5189 546 5237 et
562 5188 689 5241 Donatus
707 5191 736 5242 tn
754 5192 813 5246 vtte
829 5195 909 5263 Vlrg.
928 5212 952 5251 c.
965 5200 1016 5268 xl,
1035 5205 1077 5255 tt.

275 5253 670 5354 mmmmm

278 5379 330 5443 aa)
348 5382 462 5455 renna]
481 5387 523 5442 sn
540 5391 626 5451 racc
643 5394 737 5465 raca,
756 5398 850 5467 casm
872 5404 922 5457 aa
939 5407 1014 5461 cass.
1036 5409 1142 5463 neus

1289 884 1336 950 Te
1353 903 1469 952 nemas
1486 892 1704 954 omnesones.
1754 879 1802 950 lli
1815 879 1892 950 ludi
1906 880 2034 949 decent
2045 878 2278 966 incarmine,

1285 994 1322 1050 et
1351 985 1490 1052 addunt
1514 995 1672 1066 motum,
1722 996 1759 1052 et
1785 984 1971 1053 continent
1993 975 2276 1074 significationes

1285 1085 1464 1168 eruditas,
1492 1099 1527 1155 et
1543 1086 1783 1156 inscribendo
1804 1086 1910 1156 nobis
1930 1085 2050 1153 danda
2075 1094 2129 1154 cst
2149 1108 2277 1176 opera,

1284 1197 1326 1256 ut
1343 1186 1476 1258 similes
1492 1201 1609 1279 gestus
1626 1187 1874 1279 excogitemus.
1925 1185 2019 1256 Tota
2035 1199 2158 1257 autem
2171 1185 2279 1258 Eelo·

1285 1311 1329 1378 ga
1346 1291 1508 1382 narratio
1526 1303 1579 1361 est
1593 1293 1637 1359 de
1653 1304 1758 1383 capto
1769 1290 1916 1374 Sileno,
1942 1292 2036 1359 etde
2059 1291 2135 1360 eius
2152 1286 2277 1383 philo-

1284 1387 1410 1482 sophia
1428 1417 1492 1464 seu
1505 1394 1692 1485 sapientia.
1743 1393 1817 1464 Aut
1831 1393 1910 1464 risit
1922 1391 2095 1484 Virgilius
2113 1390 2276 1486 philoso-

1285 1488 1396 1584 phos,
1446 1507 1510 1566 aut
1540 1496 1655 1568 voluit
1683 1495 1882 1585 significare
1914 1495 2073 1590 aliquam
2104 1510 2288 1589 oportere

1284 1592 1552 1688 philosophiam
1587 1623 1680 1683 esse,
1719 1594 1789 1669 hoc
1814 1613 1884 1684 cst,
1926 1600 2149 1684 doctrinam,
2181 1596 2275 1696 quae

1285 1698 1390 1769 initia
1419 1723 1542 1772 rerum
1575 1715 1611 1772 et
1633 1714 1801 1774 naturam
1825 1702 2044 1787 consideret,
2076 1716 2116 1773 et
2133 1717 2274 1796 tempo·

1285 1825 1368 1870 rum
1383 1803 1511 1873 seriem
1527 1818 1562 1875 et
1577 1804 1671 1875 vitae
1686 1805 1800 1875 officia
1817 1818 2005 1889 monstret,
2025 1805 2124 1895 sicut
2138 1831 2181 1877 re
2197 1808 2275 1900 ipsa

1285 1927 1410 1976 verum
1442 1918 1514 1990 est,
1554 1909 1676 1998 generi
1708 1904 1868 1979 humano
1897 1933 2038 2002 semper
2069 1910 2179 1980 talem
2208 1911 2275 1979 ali·

1286 2031 1396 2099 quam
1414 2009 1615 2079 doctrinam
1641 2013 1876 2084 necessariam
1899 2036 1991 2096 csse,
2023 2024 2062 2082 et
2082 2023 2171 2097 tunc
2194 2037 2274 2083 non

1287 2119 1427 2178 tantum
1450 2110 1609 2196 Romae,
1652 2117 1715 2185 sed
1745 2114 1852 2185 etiam
1882 2114 1920 2183 in
1941 2115 2095 2186 Graecia
2122 2117 2271 2208 plurimi

1285 2211 1595 2301 amplectebantur
1613 2215 1761 2308 Epicuri
1786 2218 2006 2302 doctrinam,
2046 2220 2147 2311 quod
2172 2219 2270 2289 vide·

1285 2313 1393 2384 batur
1409 2316 1560 2388 nimium
1577 2315 1709 2390 habere
1731 2321 1934 2392 subtilitatis
1954 2333 2018 2391 aut
2042 2323 2276 2395 difficultatis.

1285 2412 1410 2510 ltaque
1426 2443 1505 2490 cum
1522 2421 1658 2516 aliquid
1673 2448 1715 2494 ex
1728 2419 1955 2516 philosophia
1979 2424 2194 2497 recitaturus
2219 2449 2275 2496 es·

1285 2529 1340 2588 set
1355 2533 1481 2611 poeta,
1507 2523 1605 2593 illam
1621 2523 1768 2617 Epicuri
1783 2529 1984 2597 doctrinam
2005 2528 2169 2598 attribuit
2182 2528 2274 2599 Sile-

1287 2644 1356 2704 no,
1382 2624 1445 2717 qui
1462 2626 1608 2717 fingitur
1621 2629 1728 2700 fuisse
1744 2628 1885 2702 iocosus
1898 2656 2023 2715 senex,
2050 2628 2188 2703 Bacchi
2207 2655 2276 2702 nu·

1288 2724 1412 2809 tritor,
1454 2731 1728 2804 transformatus
1750 2733 1788 2800 in
1811 2733 1984 2806 Silenum.
2045 2733 2127 2805 Etsi
2153 2748 2276 2806 autem

1288 2827 1544 2918 appellationes
1561 2835 1598 2903 in
1614 2833 1684 2906 illis
1699 2836 1945 2908 vetustissimis
1965 2836 2097 2908 fabulis
2115 2850 2150 2907 et
2161 2834 2275 2907 histo·

1286 2930 1350 2999 riis
1362 2953 1467 3024 saepe
1492 2958 1576 3006 casu
1600 2937 1753 3024 oblitae,
1787 2954 1911 3029 postea
1935 2942 2007 3010 late
2020 2941 2271 3010 celebrantur:

1287 3043 1410 3102 tamen
1435 3050 1586 3127 apparet
1608 3063 1743 3110 nomen
1765 3042 1879 3112 Sileni
1909 3070 1930 3113 a
1960 3043 2200 3115 torcularibus
2219 3043 2273 3112 ia·

1288 3146 1384 3203 ctum
1409 3160 1495 3209 esse.
1545 3139 1639 3212 Nam
1659 3140 1820 3238 ληνὸςπ)
1844 3160 1897 3216 cst
1919 3147 2095 3233 torcular,
2125 3160 2165 3217 et
2187 3145 2274 3217 Sile·

1287 3260 1355 3308 nus
1372 3241 1621 3335 autsignifrcat
1643 3244 1760 3331 idem,
1795 3253 1892 3341 quod
1913 3252 2079 3344 quatiens
2105 3250 2273 3331 torcular,

1289 3353 1351 3408 aut
1368 3342 1483 3428 idem,
1508 3350 1606 3440 quod
1621 3347 1719 3420 Deus
1743 3351 1943 3423 torcularis.
1987 3353 2071 3431 ,Sed
2090 3352 2130 3421 in
2154 3353 2273 3425 omui·

1288 3442 1355 3514 hus
1386 3445 1517 3519 iocosis
1549 3451 1848 3543 descriptionibus
1880 3455 2052 3547 significat
2078 3449 2274 3525 hominem

1288 3545 1466 3640 voluptati
1479 3552 1661 3638 deditum,
1689 3568 1724 3625 ct
1738 3569 1860 3626 tamen
1874 3556 2092 3649 ingeniosum
2113 3569 2152 3627 et
2173 3557 2272 3627 face·

1289 3659 1385 3733 tum,
1426 3664 1468 3722 ut
1489 3667 1572 3725 sunt
1594 3655 1632 3724 in
1652 3657 1743 3729 aulis
1764 3660 1987 3757 parasiti⁷⁸),
2027 3659 2089 3756 qui
2117 3659 2282 3752 ingen&

1289 3754 1517 3828 antecellunt.
1580 3757 1640 3828 Fit
1669 3760 1779 3852 igitur
1806 3775 1921 3834 totum
1951 3788 2081 3856 poema
2112 3764 2275 3836 festivius

1288 3857 1460 3928 translata
1475 3862 1683 3932 narratione
1699 3863 1738 3932 in
1753 3865 1860 3935 talem
1875 3881 2086 3959 personam,
2118 3867 2223 3939 cuius
2237 3868 2273 3937 iu

1289 3962 1515 4047 poematibus
1533 3965 1657 4036 crebra
1672 3967 1808 4038 mentio
1825 3983 1897 4053 est,
1929 3983 1965 4041 et
1984 3970 2158 4041 laudatur
2179 3970 2272 4044 festi·
2323 4007 2329 4013 ·

1288 4058 1379 4131 vius.
1447 4064 1545 4156 Quid
1569 4066 1679 4157 igitur
1699 4066 1757 4140 hic
1777 4071 1898 4142 canit?
1956 4063 2123 4144 Primum
2149 4087 2273 4144 narrat
2300 4090 2329 4134 ἑ

1289 4160 1457 4250 initium,
1476 4167 1694 4261 schpicuri
1710 4196 1828 4256 more,
1853 4175 1938 4246 dicit
1952 4177 2176 4250 concurrisse
2193 4203 2272 4273 par·
2303 4212 2329 4227 -

1289 4276 1359 4350 tes,
1384 4281 1420 4336 et
1433 4264 1502 4340 hoc
1520 4269 1761 4364 pulcherrimo
1782 4277 1908 4348 ordine
1933 4305 2044 4350 unam
2065 4278 2272 4353 machinam
2309 4309 2329 4345 a

1287 4381 1407 4440 natam
1425 4387 1462 4442 ct
1475 4374 1699 4461 distinctam,
1724 4378 1831 4463 coeli,
1857 4383 2038 4454 stellarum
2061 4399 2098 4455 et
2119 4387 2274 4458 elemen-
2303 4419 2329 4433 Α

1288 4482 1429 4560 torum,
1470 4479 1636 4572 quaesit
1663 4480 1760 4551 velut
1787 4484 2008 4557 domicilium
2037 4490 2180 4579 generis
2207 4487 2274 4561 hu·
2317 4524 2329 4531 ⁴

1287 4579 1398 4651 mani.
1448 4579 1601 4652 Prodest
1617 4595 1733 4652 autem
1751 4587 1907 4677 cogitare
1924 4591 2042 4685 aliqua
2060 4614 2189 4663 rerum
2207 4593 2275 4663 ini·

1287 4677 1350 4750 tia.
1400 4681 1470 4752 Sed
1485 4679 1544 4754 hic
1557 4684 1695 4759 Silenus
1709 4686 1904 4780 Epicurum
1928 4717 2079 4788 sequens
2106 4692 2206 4766 nihil
2231 4699 2273 4767 de

1285 4779 1363 4852 Deo
1383 4786 1509 4876 opifice
1529 4787 1634 4870 dicit,
1667 4791 1713 4860 ab
1737 4786 1807 4864 hoc
1830 4796 1940 4865 ordiri
1963 4820 2044 4866 eum
2065 4785 2276 4890 oportebat.

1285 4956 1489 4976 ...ι-υ..-

1319 5069 1370 5137 78)
1388 5067 1485 5137 unet]
1504 5066 1547 5123 sio
1562 5070 1588 5123 11.
1601 5071 1621 5124 1.
1640 5072 1669 5123 ct
1685 5071 1714 5124 lu
1731 5087 1807 5140 seqq.
1823 5074 1908 5127 adfrt
1922 5077 2014 5144 im,
2032 5077 2112 5132 1898.
2131 5077 2276 5148 (εῖιη,

1354 5141 1416 5194 scr.
1431 5141 1480 5208 vt,
1501 5141 1541 5190 11.
1560 5139 1602 5193 ed.
1622 5141 1790 5208 Wagner„
1818 5144 1868 5197 ltd.
1884 5147 1958 5198 1111.
1975 5148 2068 5200 coast.

1319 5241 1370 5309 77)
1388 5239 1484 5306 ληνὸς]
1501 5243 1542 5294 stc
1559 5244 1642 5298 astte
1655 5246 1747 5327 tm,
1767 5243 1861 5309 rasas
1877 5247 1927 5300 aa.
1942 5248 2017 5300 16611
2037 5251 2129 5304 nates
2150 5253 2240 5313 abac.

1317 5332 2274 5469 mmmmmwmmmmme
