4666 5894
232 206 310 285 848
520 223 524 229 ·
713 235 717 244 ’
818 201 943 277 vult.
978 200 1093 277 um.
1124 202 1327 276 SCRIPTA
1358 201 1701 279 PHILOLOGICA.
2195 201 2272 276 stt

238 377 413 450 civilibus.
470 374 610 447 Deinde
632 373 734 445 addit
753 377 955 470 querelam:
988 376 1027 446 si
1050 375 1154 446 miles
1176 374 1232 444 in·
1282 375 1404 461 tione,
1429 401 1523 472 quae
1539 380 1580 447 fit
1594 378 1639 447 de
1655 374 1827 466 Virgilio,
1859 374 1998 468 aliquot
2014 370 2269 464 epigrammata

239 480 432 551 terfecisset
452 477 666 570 Virgilium,
698 478 889 569 periissent
910 479 1023 549 multa
1050 490 1232 571 poemata.
1282 491 1432 551 venusta
1449 480 1576 549 ordine
1591 479 1802 549 recitantur.
1852 476 1967 546 Series
1987 474 2169 546 orationis
2190 470 2267 544 haec
2315 487 2316 490 ’

240 582 374 677 Estque
418 581 649 673 amplificatio
691 582 815 650 damni
856 607 877 650 a
919 581 1232 676 consequentibus.
1283 593 1346 652 est.
1404 581 1531 651 Primo
1559 583 1641 652 loco
1669 591 1754 673 post
1784 577 2104 670 interrogationem
2130 577 2265 670 ponitur

239 685 373 756 Postea
383 685 513 755 ludunt
531 695 567 752 et
585 695 785 775 provocant
800 708 838 754 se
859 685 904 754 ad
929 696 1094 754 mutuum
1119 695 1232 752 certa-
1283 683 1429 777 querela
1458 686 1502 753 de
1524 683 1706 775 praesenti
1728 705 1851 752 rerum
1875 692 1988 763 statu,
2029 682 2133 774 quod
2156 681 2259 772 pulsus

239 811 335 858 men.
386 786 489 862 Alter
502 795 651 855 venusta
668 784 895 854 excusatione
911 787 1044 870 utitur,
1070 785 1232 855 alludens
1283 786 1330 857 sit
1343 786 1501 876 praediis
1517 786 1589 858 suis
1604 785 1787 876 Virgilius.
1838 781 2072 853 Interseritur
2088 806 2256 875 argumen-

240 892 288 960 ad
318 890 438 960 locum
469 909 698 955 communem
727 888 772 954 de
802 887 1071 977 ingravescente
1098 899 1231 957 aetate:
1283 899 1360 957 tum
1379 912 1400 958 a
1416 912 1577 973 rumore,
1592 888 1778 958 continens
1793 885 2075 977 descriptionem
2093 885 2251 956 rorisVrr-
2320 901 2333 917 ”

60 950 63 953 .
188 1039 192 1045 -
242 990 321 1085 (Vs.
336 986 417 1086 61.)
445 987 653 1078 omniafert
666 998 779 1073 adas,
813 994 967 1062 animum
987 1015 1132 1087 quoque,
1163 985 1236 1059 hoe'
1284 988 1420 1080 gffiani·
1473 991 1643 1085 Seqm‘tur
1665 988 1895 1081 amplificatio
1917 986 2145 1080 Pllfiflffi‘ab
2167 1013 2251 1079 ²⁰5⁰·

243 1104 316 1178 est,
349 1104 511 1164 senectus
531 1090 746 1180 languefacit
771 1113 895 1163 omnes
917 1091 1021 1165 vires.
1082 1091 1147 1162 Est
1172 1115 1234 1160 au·
1284 1091 1352 1163 rio.
1403 1092 1537 1161 Addita
1561 1104 1672 1163 estet
1695 1090 1906 1162 exclamatio
1929 1114 1996 1182 per
2019 1086 2254 1182 apostrophen.

243 1210 317 1265 tem
333 1195 371 1263 in
393 1197 463 1262 line
480 1192 686 1283 gratulatio,
712 1214 783 1285 qua
798 1193 984 1285 significat,
1006 1195 1080 1263 iam
1098 1194 1233 1263 victore
1285 1217 1366 1264 cum
1389 1195 1662 1265 enumeratione
1686 1194 2022 1275 incommodorum,
2065 1215 2158 1286 quae
2179 1211 2259 1263 secu·
2313 1267 2315 1269 ,

245 1298 409 1388 Augusto
430 1294 688 1386 rempublicam
713 1294 845 1365 iterum
869 1308 1035 1387 pacatam
1057 1298 1157 1379 fore,
1186 1287 1235 1364 'et
1285 1308 1366 1366 tura
1383 1296 1636 1388 erantVirgifii
1652 1309 1820 1368 mortem.
1871 1292 2012 1364 Deinde
2027 1296 2267 1386 punitorem?

246 1410 331 1471 sunt
358 1410 528 1468 venustae
558 1395 834 1486 descriptiones,
870 1398 1109 1488 significantes
1135 1397 1234 1489 pacis
1285 1397 1395 1467 ctatio
1428 1425 1511 1471 cum
1538 1400 1751 1470 recitatione
1779 1399 2008 1493 quorundam
2038 1398 2279 1489 epigramm&

246 1513 340 1570 artes
355 1500 600 1570 reflorescere:
633 1496 710 1590 (Vs.
729 1495 809 1595 50.)
830 1504 977 1586 insere,
994 1503 1157 1592 Daphni,
1177 1505 1235 1589 pi-
1285 1512 1375 1573 tum.
1431 1502 1571 1572 Ultimo
1593 1503 1674 1572 loco
1705 1514 1758 1572 est
1789 1501 1971 1572 excusatio
1993 1523 2062 1592 per
2085 1492 2287 1590 praecide

244 1627 321 1688 ros,
361 1612 501 1692 carpent
520 1612 581 1702 tuo
601 1623 700 1689 ponsa
721 1612 863 1690 nepotes.
928 1601 1097 1694 Figurate
1124 1602 1234 1671 etiam
1284 1626 1389 1686 nem,
1429 1617 1552 1698 quare'
1565 1629 1640 1674 non
1664 1604 1779 1697 possit
1800 1605 1904 1695 plura
1927 1602 2082 1672 recitare
2101 1602 2295 1693 epigruss·

244 1716 350 1796 poeta
379 1704 496 1775 studia
530 1703 733 1771 litterarum
768 1705 920 1772 antefert
954 1703 1091 1790 aulicae
1125 1704 1235 1786 vitae,
1286 1717 1418 1788 mata,
1447 1731 1539 1800 quae
1556 1709 1668 1777 ducta
1693 1718 1748 1777 est
1767 1704 2052 1799 adescriptione
2076 1693 2302 1774 senectutis.

245 1830 326 1877 cum
344 1807 410 1874 ait:
439 1804 517 1897 (Vs.
531 1802 611 1899 40.)
626 1808 707 1876 ‘Hic
719 1829 779 1877 uer
792 1829 1012 1896 purpureum.
1043 1890 1045 1899 y
1063 1805 1141 1901 (Vs.
1155 1804 1235 1901 45.)
1286 1807 1347 1876 cui
1360 1808 1505 1879 additur
1519 1833 1615 1879 nova
1632 1808 1806 1904 'invitatio
1831 1809 1876 1878 ab
1898 1807 2171 1900 opportunitate
2190 1816 2308 1903 teil·

244 1913 321 1981 Huc
342 1912 439 1994 ades,
473 1911 593 1979 insani
609 1905 742 1998 feriant
763 1912 839 1979 sisse
858 1911 974 1979 littora
991 1909 1133 1997 timus,
1165 1904 1236 1976 hoc
1288 1908 1398 2001 poris.
1684 1940 1688 1945 >

247 2022 318 2097 est,
342 2011 501 2105 quietam
524 2009 637 2101 vitam
660 2009 700 2077 in
723 2009 849 2080 studiis
870 2011 1084 2101 'anteponito
1111 2011 1236 2081 turbu·
1293 2030 1296 2038 ‘
1648 2080 1657 2096 ,
1779 2082 1788 2097 ,

245 2112 350 2185 lentis
380 2101 533 2205 negotiis
564 2111 728 2204 publicis.
758 2202 764 2214 .
796 2111 871 2183 llos
900 2112 999 2183 locos
1027 2136 1237 2184 communes
1586 2081 1723 2151 Almd
1749 2082 1967 2152 ‘nudem'

245 2216 437 2307 diligenter
470 2213 717 2296 considerent,
744 2225 800 2283 ει
832 2214 1038 2286 meminisse
1069 2217 1237 2300 studeant
1389 2213 1484 2283 Tota
1501 2211 1737 2307 baecEcloga
1755 2212 1864 2287 habet
1879 2213 2128 2307 gravissimam
2151 2223 2323 2309 quete-

247 2318 507 2400 adolescentes‚
533 2316 617 2410 quia
633 2315 920 2387 nosindicendo
937 2317 1024 2386 etin
1046 2319 1236 2389 scribendo
1288 2316 1360 2385 lam
1378 2318 1607 2389 fortunarum
1622 2318 1778 2408 Virgilii.
1829 2319 1923 2390 Nam
1940 2323 2130 2411 postquam
2145 2316 2324 2386 iterna

247 2443 352 2513 saepe
367 2418 418 2491 eis
434 2443 513 2489 cum
538 2433 668 2509 magna
691 2418 797 2487 laude
815 2419 870 2489 uti
891 2444 1092 2512 possumus.
1142 2419 1236 2492 Nam
1288 2420 1514 2510 impetrasset
1526 2446 1609 2492 suos
1623 2445 1729 2512 agros
1746 2421 1792 2490 ab
1807 2422 1970 2513 Augusto
1980 2419 2165 2510 Virgilius,
2190 2432 2325 2510 pto·

247 2521 334 2592 talia
349 2521 442 2591 dicta
457 2532 606 2591 venuste
631 2522 904 2591 accommodata
925 2523 1078 2595 multum
1099 2521 1237 2615 gratiae
1288 2523 1401 2592 fectus
1424 2523 1470 2590 ad
1491 2524 1726 2614 possidendos
1750 2540 1831 2609 eos,
1862 2525 1939 2593 fere
1959 2526 2007 2593 ab
2027 2521 2134 2592 Arrio
2155 2531 2322 2590 eentu-

248 2623 407 2696 orationi
421 2625 571 2694 addunt.
1289 2623 1393 2694 rione
1410 2624 1616 2698 interfectus
1631 2639 1695 2698 est.
1746 2626 1841 2696 Eum
1857 2622 1917 2696 hic
1932 2627 2053 2696 studet
2074 2621 2180 2694 donis
2202 2615 2321 2714 pfla-

1291 2748 1383 2797 care.
1435 2727 1494 2796 Fit
1509 2728 1604 2797 e'nim
1619 2754 1745 2821 saepe,
1778 2741 1820 2800 ut
1839 2728 1997 2800 dominis
2013 2739 2125 2821 atque
2149 2725 2257 2817 prim
2267 2720 2318 2788 ci·

1290 2828 1395 2920 pibus
1415 2829 1619 2902 faventibus
1645 2831 1784 2926 aliquid
1804 2831 2059 2924 impetremus,
2098 2830 2196 2923 quod
2223 2822 2311 2896 vir

349 2928 507 2999 Multum
521 2923 610 2996 haec
625 2925 759 3017 Ecloga
774 2922 885 2996 habet
898 2927 1093 2998 venustatis
1107 2940 1143 2998 et
1169 2928 1239 2998 ele·
1290 2930 1396 2999 liceat
1417 2932 1523 3002 nobis
1545 2934 1622 3005 sine
1644 2935 1806 3026 periculo
1829 2946 1979 3027 propter
2001 2928 2303 3026 provincialium

246 3029 403 3122 gantiae,
424 3054 506 3100 cum
521 3040 673 3120 propter
689 3027 864 3121 querelas,
886 3030 985 3122 quod
1001 3042 1163 3100 veterum
1180 3055 1239 3100 co·
1291 3032 1465 3102 malitiam
1482 3037 1635 3108 auferre.
1685 3035 1822 3107 Moeris
1836 3048 1889 3108 est
1902 3036 2049 3128 Virgilii
2062 3047 2177 3127 pater,
2198 3027 2300 3100 tie

246 3133 417 3202 lonorum
432 3130 546 3202 vicem
565 3130 730 3222 deplorat
744 3125 804 3199 hic
818 3130 975 3216 Moeris,
1010 3133 1074 3226 qui
1090 3132 1185 3226 agris
1204 3145 1241 3203 et
1290 3136 1412 3206 nalcas
1434 3136 1510 3229 ipse
1532 3138 1717 3231 Virgilius.
1781 3136 1938 3233 Lycidac
1959 3148 2116 3233 person‘a
2143 3134 2289 3206 adiecta

245 3232 530 3328 possessionibus
550 3233 623 3305 suis
646 3258 667 3303 a
691 3236 888 3318 veteranis,
926 3233 1056 3329 quibus
1077 3235 1131 3304 illi
1153 3237 1240 3308 assi·
1291 3250 1363 3323 εει,
1401 3252 1528 3311 utres
1558 3267 1681 3334 sparsa
1711 3243 1750 3312 in
1773 3253 1966 3334 personas,
2005 3241 2144 3311 facilius
2167 3236 2283 3332 possit

247 3337 350 3430 gnati
365 3348 487 3421 erant,
519 3335 807 3429 expellebantur,
837 3349 914 3407 tum
936 3350 1088 3429 propter
1110 3339 1239 3408 carmi·
1292 3341 1515 3434 amplificari.
1566 3345 1660 3416 Nam
1676 3358 1825 3416 eventus
1840 3346 1933 3416 solet
1957 3343 2179 3437 suppeditare
2200 3363 2273 3409 rna-

246 3464 336 3511 num
351 3439 518 3524 illorum,
545 3462 638 3534 quae
663 3438 767 3509 alteri
792 3439 929 3531 pastori
949 3440 1077 3509 recitat
1090 3440 1239 3526 Moeris,
1291 3445 1419 3512 teriam
1437 3446 1787 3536 amplificationibus.
1828 3447 1893 3518 Est
1908 3461 2028 3519 antem
2044 3442 2265 3534 haecEclogr

247 3541 461 3615 suavitatem
479 3553 515 3612 et
531 3541 808 3635 simplicitatem.
860 3543 955 3614 Nam
971 3541 1010 3611 in
1024 3538 1238 3635 bacEcloga
1291 3545 1450 3616 eiusdem
1468 3551 1672 3640 argumenti
1689 3575 1768 3622 cum
1787 3550 1932 3622 tertia.

247 3644 510 3716 accuratissime
530 3643 694 3715 Bucolici
725 3645 929 3737 argumenti
959 3647 1130 3717 decorum
1164 3671 1238 3717 ser·
1832 3679 1835 3684 ·

246 3769 348 3817 verse
377 3745 520 3815 videtur
547 3759 667 3838 poeta.
738 3746 907 3838 Pingitur
936 3760 1056 3818 autem
1090 3749 1238 3832 Moeris,
1596 3734 1737 3808 Aliud
1760 3737 1973 3809 eiusdem·
2061 3793 2066 3807 .

247 3847 357 3917 Arrio
383 3846 605 3931 centurioni,
635 3847 693 3918 cui
709 3847 854 3967 Virgilii
875 3850 952 3941 agri
972 3864 1185 3937 evenerant,
1219 3846 1238 3921 e
1394 3868 1536 3941 Nomen
1554 3867 1664 3942 habet
1680 3868 1955 3967 haecfflogga
1978 3894 2153 3967 P²f⁸⁰¹¹³¹
2184 3881 2252 3962 quae
2312 3877 2324 3929 t

247 3973 333 4022 rure
350 3945 488 4020 boedos
501 3952 676 4043 quosdam
701 3974 861 4021 muneris
882 3953 959 4021 vice
974 3952 1163 4027 Mantuam
1187 3956 1239 4024 af·
1276 3963 1349 4040 'hic
1363 3970 1617 4047 introducitur,
1649 3976 1820 4047 confluet
1834 3990 1954 4048 autem
1972 3976 2166 4070 querelam,
2180 3960 2252 4066 quod
2314 3961 2318 3974 '

247 4056 355 4126 ferre.
406 4051 471 4124 Est
491 4075 580 4174 vero
591 4041 735 4172 Virgilii
759 4052 897 4124 villicus
919 4054 1076 4140 Moeris,
1110 4071 1146 4128 et
1161 4056 1239 4125 Me·
1290 4097 1415 4146 rursus
1437 4076 1568 4147 eiectus
1588 4079 1635 4149 δὴ
1655 4078 1827 4171 visgfliu,
1852 4104 1894 4149 εχ
1917 4079 2031 4171 agris,
2065 4102 2153 4174 quo,
2171 4076 2252 4145 hene·

248 4156 369 4227 nalcas
385 4156 461 4249 ipse
478 4154 662 4247 Vrrgrhus.
716 4153 907 4239 Caeterum
928 4158 1067 4247 generis
1089 4160 1239 4228 demon·
1290 4176 1372 4246 ficio
1386 4175 1538 4271 Afigusfi
1554 4196 1841 4274 recuperaverat,
1903 4182 1994 4254 cum
2013 4183 2110 4253 enim
2125 4177 2253 4269 recipere
2301 4177 2314 4225 t

248 4259 458 4378 strativiest
473 4259 604 4331 oratio.
654 4257 834 4353 Pleraque
851 4272 971 4330 autem
990 4255 1048 4331 bic
1061 4286 1103 4331 ex
1118 4257 1239 4332 Theo·
1291 4279 1398 4349 vellet
1411 4293 1583 4374 patemo,
1608 4275 1733 4377 agros,
1764 4284 1905 4357 invenit
1925 4285 2077 4357 Arrium
2104 4279 2257 4380 quendam
2292 4292 2333 4328 e

249 4362 981 4455 “¹²¹P02m210¹³³⁰⁵¹³¹⁸²⁵⁸⁹³Pllaret
1031 4424 1034 4428 .
1292 4383 1539 4455 centurionem
1556 4382 1794 4460 illoshabere.
1846 4387 2016 4462 lsstatim
2044 4402 2088 4461 ut
2111 4386 2204 4458 miles
2226 4365 2260 4437 ιὰ
2299 4301 2333 4495 ξ

1291 4486 1450 4577 gladium
1468 4513 1616 4561 manum
1631 4490 1812 4576 admovit,
1838 4505 1874 4562 et
1888 4516 2018 4586 parum
2035 4491 2167 4573 abfuit,
2182 4468 2265 4585 'quin
2329 4514 2333 4524 ¹

468 4666 478 4685 ο
759 4670 769 4688 ·
1129 4670 1176 4687 ..
1291 4587 1523 4664 interfecisset
1551 4591 1765 4683 Virgilium,
1808 4594 1877 4667 nisi
1906 4620 1942 4668 se
1974 4593 2209 4689 proripuisset
2241 4585 2270 4635 ¹⁸
2325 4675 2331 4686 1

352 4665 396 4740 ln
421 4692 543 4762 prrorc
575 4683 677 4761 parte
705 4667 813 4743 horus
839 4669 994 4762 Eclogae
1025 4672 1238 4744 describitur
1290 4692 1424 4785 fugam,
2310 4693 2318 4709 ·

249 4775 375 4869 ingens
406 4771 606 4867 periculum
634 4771 777 4863 Virgilii
806 4773 851 4844 ab
879 4773 988 4845 Arrio
1017 4775 1237 4861 centurione,

249 4902 271 4948 a
308 4902 380 4970 quo
413 4898 529 4971 paene
560 4872 685 4945 fuisset
718 4874 922 4949 interfectus
954 4890 1103 4971 propter
1135 4903 1237 4971 repe·
1276 4965 1278 4971 Ι
1517 4946 1527 4963 ,
1558 4862 1700 4935 Aliud
1728 4863 1996 4964 eiu⁸d0m¹⁴)·
2324 4928 2326 4933 ·

250 4978 414 5051 titionem
450 5001 646 5072 agrorum,
699 5001 790 5069 quos
820 4979 858 5046 in
892 4980 1035 5070 publico
1070 4979 1236 5077 motu¹')
1390 4993 1522 5088 Egloga
1552 5023 1648 5069 nona
1682 5003 1771 5075 dua,
1803 4999 1912 5071 habet
1942 5008 2084 5094 pm„
2128 4986 2289 5096 quarum

252 5082 447 5163 amiserat,
498 5080 568 5152 nisi
601 5079 706 5150 saluti
742 5078 774 5147 ei
808 5080 931 5150 fuisset
960 5082 1087 5151 Mincii
1120 5083 1237 5154 amnis
1288 5097 1391 5191 prior
1421 5100 1580 5171 continet
1612 5105 1795 5196 querelam
1820 5106 2066 5198 pervulgatam
2095 5107 2140 5176 de
2166 5082 2296 5174 mlier

251 5182 514 5278 propinquitas.
560 5181 700 5257 Deinde
716 5193 861 5274 sumpta
876 5184 1060 5255 occasione
1077 5210 1120 5255 ex
1137 5210 1237 5257 men-

545 2793 683 2865 atiud
709 2793 927 2863 eiusdem.

547 4533 686 4608 Aliud
712 4536 930 4608 eiusdem.

251 5340 450 5362 m

1066 5414 1073 5421 .
1326 5354 1373 5411 11)
1390 5352 1450 5404 lloc
1472 5354 1663 5417 argumentum
1687 5351 1714 5404 ln
1734 5350 1927 5423 astitisse,
1954 5355 2029 5410 1592.
2053 5352 2213 5422 exhibetur,
2239 5337 2302 5399 ¹7

287 5419 333 5487 13)
351 5422 440 5484 notu]
458 5418 498 5470 alc
514 5417 598 5470 sottt.
611 5419 711 5486 lm,
731 5417 825 5484 ¹⁶⁹⁸&
850 5416 904 5475 Ed.
915 5416 991 5469 1161.
1007 5419 1091 5469 netu.
1357 5420 1499 5474 11111111.
1518 5422 1607 5471 abest.
1674 5434 1676 5440 ⁸
