4666 5902
233 199 308 276 895
812 167 1693 277 ruli..iiuu.scn1rrariiiuoi.oeicn.
1812 196 1814 200 Α
1974 196 1980 211 ’
2206 205 2286 276 896

329 374 391 446 νε.
416 321 503 447 459.
538 377 665 461 Quibus
692 377 784 494 ipio]
829 374 1030 445 Commoda
1061 388 1233 460 recenset,
1223 412 1263 517 ,Ι

228 481 266 550 id
292 493 362 561 est,
387 475 520 547 habent
543 480 675 548 victum
698 479 774 548 sine
802 478 996 569 periculis3
1021 479 1051 549 si
1074 503 1150 548 non
1171 475 1234 548 ha·
1286 481 1404 551 lunae.

226 586 314 653 beot
330 605 476 672 magnas
493 605 598 671 opes
626 593 750 650 tamen
769 577 913 649 habent
930 581 1099 674 quietem
1388 582 1448 654 Vs.
1463 582 1551 657 482.
1578 522 1752 674 Hyderiii‘]
1779 582 1816 650 id
1832 593 1905 662 est
1931 601 2064 650 causas
2083 516 2283 674 inaequali·

329 683 391 754 Vs.
410 682 497 757 469.
538 685 686 775 Undaiis]
718 684 755 752 id
778 696 849 767 est,
885 683 1041 755 turbam.
1091 684 1232 753 Romae
1286 689 1370 759 tatis
1388 686 1529 756 dierum
1546 700 1580 755 ct
1597 686 1769 755 noctium

228 787 420 858 veniebant
441 810 547 855 inane
572 788 736 870 clientes,
763 799 799 856 et
817 787 1030 856 salutabant
1046 800 1232 876 patronos
1387 788 1448 861 Vs.
1464 787 1551 861 484.
1584 783 1761 884 Pratitae]
1795 786 1926 867 idest,
1955 782 2085 854 sinon
2108 784 2282 877 contingit

227 889 275 991 Et
300 915 372 985 quo
401 891 553 984 quisque
576 902 654 958 erat
676 889 886 979 potentior,
914 913 956 957 eo
978 889 1096 959 alebat
1118 890 1231 959 maio·
1285 891 1374 964 mihi
1393 893 1566 974 eruditio,
1593 905 1680 960 tunc
1693 890 1852 959 antefero
1867 888 1979 956 vitam
1997 885 2182 958 rusticam.

229 986 306 1063 rem
330 1017 515 1085 pompam.
567 990 610 1061 lii
633 993 713 1060 aula
732 991 897 1062 Caesaris
912 992 1027 1061 nostri
1044 1005 1095 1062 est
1110 1016 1231 1084 imago
1386 994 1446 1067 v..
1462 994 1549 1067 490.
1590 996 1691 1066 Peli'ae
1714 1019 1772 1088 qus
1763 987 1914 1088 poluit]
1952 989 2120 1058 Primum
2145 1005 2196 1061 est
2221 992 2280 1062 ille

229 1100 407 1190 quaedam
426 1091 533 1164 huius
554 1118 719 1186 pompae.
1283 1100 1428 1181 beatus,
1453 1099 1515 1192 qui
1533 1110 1585 1168 est
1602 1098 1795 1168 instructus
1812 1093 2017 1186 cognitione
2035 1116 2174 1176 rerum,
2202 1109 2280 1186 post

332 1198 394 1268 Vs.
410 1197 497 1269 468.
533 1197 692 1288 labieni]
717 1198 756 1289 id
784 1207 855 1278 cst,
881 1208 1044 1287 spectant
1064 1221 1145 1266 cum
1168 1199 1230 1266 ad·
1283 1197 1380 1271 hunc
1398 1203 1568 1291 agricola.

229 1301 434 1371 miratione.
1384 1303 1445 1375 Vs.
1461 1300 1548 1375 495.
1575 1303 1711 1393 Fasces]
1738 1301 1864 1380 idest,
1894 1297 2062 1390 imperia.

331 1404 393 1475 Vs.
412 1402 498 1476 464.
531 1403 720 1493 Ephyreia]
755 1400 892 1482 idest,
923 1397 1110 1471 Corinthia
1133 1425 1229 1484 aera,
1383 1405 1445 1478 Vs.
1461 1406 1548 1479 497.
1588 1401 1888 1495 Daesitiates,
1930 1425 2005 1470 noir
2030 1412 2162 1470 curant
2184 1402 2280 1470 bella

231 1504 329 1601 quia,
354 1510 398 1576 da
416 1503 480 1576 hat
495 1529 581 1573 inan
597 1529 766 1576 zusamen
783 1527 912 1593 gossen
927 1505 1074 1597 allerley
1089 1505 1228 1574 metall:
1281 1508 1461 1581 Romana.
1520 1503 1619 1581 Nihil
1644 1509 1769 1577 dubito
1792 1503 1911 1574 Dacos
1934 1528 2029 1585 esse,
2066 1528 2161 1597 quos
2184 1528 2280 1574 nunc

229 1632 377 1694 aurum,
405 1621 615 1701 argentum,
642 1621 708 1677 etc.
761 1605 843 1675 Exi
879 1607 969 1679 ribus
991 1599 1111 1678 mixtis
1131 1620 1229 1699 post·
1282 1636 1452 1685 vocamus
1468 1612 1819 1704 Septemcastreiises.
1871 1607 2036 1679 Fuerunt
2053 1619 2179 1677 autem
2197 1608 2279 1676 vici·

230 1737 271 1783 ea
290 1711 594 1804 praestantissima
612 1734 697 1780 vasa
715 1711 808 1777 facta
827 1722 923 1779 sunt.
1279 1706 1349 1785 'nae
1363 1729 1486 1808 gentes
1500 1714 1609 1797 Daci,
1636 1712 1806 1807 Cymbri‚
1833 1711 1962 1793 Getae,
1988 1723 2024 1780 et
2038 1711 2276 1781 circumfude-

332 1815 394 1887 Vs.
409 1813 497 1885 466.
524 1813 641 1906 Casio]
668 1812 743 1885 Nos
764 1810 961 1887 nescimus.
988 1813 1077 1906 qnid
1098 1812 1144 1883 sit
1166 1812 1228 1880 iila
1281 1833 1367 1889 runt
1395 1844 1432 1890 se
1461 1821 1506 1890 ah
1542 1817 1727 1909 Hungaria
1758 1840 1824 1908 per
1854 1813 2048 1884 Poloniam
2083 1839 2202 1908 usquc
2236 1817 2280 1885 ad

231 1922 347 2003 casia,
373 1942 449 1986 non
470 1932 522 1988 est
542 1929 687 2000 nostra,
713 1939 824 2010 quain
839 1938 974 1984 cassam
992 1917 1148 1987 fistulam
1164 1940 1229 1985 vo·
1280 1921 1464 1992 Prussiam
1499 1936 1535 2000 ¹ot
1556 1920 1785 2013 Cymbricam
1806 1914 2094 2002 Chersonesum,
2134 1930 2171 1986 et
2195 1942 2277 1988 con-

233 2047 366 2095 oomiis.
895 2060 897 2063 ·
1281 2027 1474 2097 iunxerunt
1501 2050 1559 2109 se,
1598 2036 1633 2094 et
1666 2025 1752 2094 satis
1788 2022 1931 2092 fortiter
1964 2021 2181 2093 restiterunt
2203 2021 2280 2090 Ro·

333 2123 396 2195 Vs.
414 2121 502 2195 467.
544 2127 590 2193 Et
617 2122 746 2212 neema]
779 2119 898 2190 Unser
924 2123 1062 2192 bauren
1086 2116 1227 2191 liabens
1280 2128 1408 2198 manis.

230 2228 330 2302 nicht
345 2227 422 2295 wol
438 2228 613 2316 gelernet,
639 2223 710 2292 wie
724 2224 776 2293 sie
792 2222 851 2291 die
865 2224 941 2293 leut
957 2225 1153 2315 betriegen.
1381 2229 1442 2302 Vs.
1459 2229 1547 2302 498.
1589 2231 1831 2324 perituraque]
1865 2226 1902 2295 id
1937 2239 2009 2311 est,
2051 2250 2132 2296 nou
2157 2227 2281 2298 vident

333 2329 395 2401 Vs.
410 2328 496 2400 499.
530 2330 673 2417 Frigida
696 2327 830 2419 Tempe]
859 2326 894 2397 ld
921 2339 992 2411 est,
1016 2327 1095 2396 loca
1119 2325 1227 2408 culte,
1280 2356 1429 2428 magnas
1446 2333 1679 2403 calamitates.

233 2432 365 2509 schone
383 2456 463 2501 aue.
1382 2436 1443 2508 Vs.
1459 2433 1546 2510 609.
1577 2436 1780 2527 Tabuloriii]
1806 2432 1844 2502 id
1860 2442 1932 2517 est,
1959 2431 2186 2503 consistoria.

333 2535 395 2606 Vs
411 2532 462 2605 4⁷
466 2536 500 2604 1
532 2537 663 2604 riam
680 2530 852 2626 ferarum]
879 2531 917 2600 id
941 2543 1012 2615 est
1038 2526 1147 2600 habet
1167 2554 1227 2598 ve·
1382 2539 1445 2611 vs.
1464 2537 1551 2611 503.
1576 2542 1776 2612 siiiaiiaii
1790 2537 1869 2629 ..ιιι
1896 2537 1934 2608 ia
1956 2549 2029 2620 esi,
2056 2535 2204 2607 maiia.

229 2639 408 2711 nationes.
1381 2642 1441 2715 Vs.
1461 2639 1549 2716 606.
1574 2647 1736 2714 Dormiat
1751 2635 1858 2738 ostro]
1883 2639 1920 2708 id
1937 2650 2008 2723 est,
2035 2651 2080 2708 ut
2092 2639 2198 2710 dives
2212 2640 2284 2709 liat.

332 2741 393 2814 Vs.
411 2741 499 2813 479.
527 2742 572 2808 Ei
590 2733 731 2827 entem
744 2737 895 2829 operum]
921 2737 987 2806 Hic
1004 2760 1126 2806 versus
1143 2759 1227 2804 con·
1382 2746 1444 2817 νε.
1462 2743 1550 2819 608.
1572 2745 1723 2838 Rostris]
1745 2745 1871 2826 idest,
1894 2744 1933 2831 in
1950 2743 2207 2814 concionibus.

228 2846 319 2917 tinet
339 2849 428 2916 duas
454 2843 626 2922 virtutes,
653 2838 807 2934 qnae⁴⁹)
830 2841 961 2908 debent
986 2863 1060 2910 esse
1085 2837 1123 2907 in
1143 2836 1226 2920 illis,
1381 2847 1442 2921 Vs.
1460 2849 1548 2921 509.
1576 2850 1721 2939 cuneos]
1745 2845 1898 2926 scilicet,
1921 2847 2051 2939 populi
2070 2845 2244 2916 Romani.

230 2952 293 3070 qui
317 2945 534 3018 adhibentur
560 2945 606 3010 ad
629 2966 686 3010 res
709 2942 982 3031 gubernandas,
1023 2954 1226 3032 temperari·
1382 2952 1441 3025 v„
1459 2952 1547 3028 522,
1574 2951 1890 3042 M51535„0pr5052]
1918 2949 1986 3019 Hic
2010 2949 2210 3021 versiculus
2228 2961 2282 3020 est

229 3055 317 3122 tiam
337 3064 372 3118 et
389 3044 617 3117 toleranlwm
635 3044 815 3114 laborum·
1279 3048 1466 3145 physicus,
1501 3057 1700 3126 Columella
1715 3077 1797 3122 euin
1816 3052 1914 3122 citat.
2030 3127 2035 3140 ,

335 3150 397 3223 νε.
414 3146 500 3221 474.
536 3140 692 3243 Iustitia]
728 3146 863 3215 Poetae
886 3145 1113 3266 ιὶιιςιιιιι,(ιιι
1135 3146 1227 3266 Ara·
1381 3177 1443 3248 γε,
1461 3172 1550 3251 528,
1579 3168 1766 3270 emm]
1795 3171 1832 3242 id
1847 3184 1918 3256 est,
1945 3171 2135 3264 implenp‘

229 3257 322 3352 tus),
350 3256 447 3350 quod
463 3249 757 3322 iustitiaeterris
771 3248 975 3333 discedens,
1003 3250 1226 3344 aliquamdiu
1379 3297 1430 3368 Vs
1465 3293 1541 3370 533
1588 3298 1651 3368 8,,
1677 3289 1798 3385 form]
1841 3291 1975 3364 scilicet
2027 3317 2067 3362 er
2102 3318 2121 3361 3
2169 3294 2281 3364 [copas

229 3364 324 3454 apud
341 3357 493 3428 rusticos
507 3350 683 3435 haeserit
718 3365 753 3421 et
769 3354 979 3422 concionata
995 3351 1041 3423 sit
1058 3354 1129 3436 eis
1160 3366 1225 3423 etc.
1279 3424 1360 3472 mv
1338 3400 1390 3470 vit
1433 3349 1441 3369 ⁸
1544 3348 1553 3367 ⁴
1781 3347 1798 3392 ³
2000 3316 2024 3385 p
2082 3317 2170 3384 ‘gr

243 3503 246 3506 »
332 3460 393 3534 νε.
410 3458 497 3530 476.
535 3458 685 3542 Quarum
710 3481 812 3527 sacro
831 3455 922 3551 fero]
959 3456 996 3526 id
1023 3469 1094 3538 est,
1126 3469 1226 3525 ante·
1768 3519 1777 3536 ,
1963 3514 1973 3532 ,
2095 3514 2104 3530 ,

227 3568 305 3637 fero
321 3562 457 3645 studia,
483 3563 545 3631 sed
561 3573 642 3651 post
657 3560 774 3629 studia
791 3559 904 3650 inagis
926 3583 1009 3629 aino
1033 3556 1226 3651 agricultu-
1378 3520 1440 3593 γε·
1456 3516 1543 3592 538⁴
1577 3513 1730 3652 ΜΨ]
1767 3521 1802 3638 ¹fl
1828 3530 1900 3600 ἐν’
1936 3529 2011 3585 ”ta
2031 3516 2278 3636 agnc‘Jlf'mm

1279 3639 1356 3694 erat
1396 3649 1543 3718 aureae,
1569 3635 1723 3707 aetatis,
1781 3620 2019 3714 ignorabante
2047 3619 2282 3705 ambitiones,

227 3694 327 3752 ram,
354 3690 463 3762 quam
480 3663 619 3755 reliqna
638 3660 734 3730 vitae
752 3685 898 3753 genera
1016 3744 1018 3749 ¹
1277 3728 1369 3797 bend
1420 3742 1475 3797 etc

1382 3782 1392 3812 ,
1477 3779 1486 3797 .

262 3884 312 3946 40)
330 3879 412 3949 quas]
431 3881 483 3934 Ed.
501 3878 578 3933 iiii.
598 3879 699 3931 mondo
717 3882 847 3945 typam:
873 3879 938 3944 qui..
1378 3845 1440 3918 νε.
1455 3841 1543 3919 549.
1572 3840 1720 3944 Equum]
1751 3869 1816 3936 pro
1837 3866 2026 3935 equorum.

1391 377 1451 449 νε.
1468 377 1557 449 478.
1594 371 1760 472 Labores]
1787 375 1834 444 id
1845 388 1916 459 est,
1958 368 2109 465 eclipses
2136 375 2224 444 solis
2250 389 2284 447 et

815 4152 864 4225 ln
898 4156 1069 4227 librum
1095 4154 1155 4229 Ill.
1188 4154 1450 4247 Georgicon
1477 4149 1686 4244 Virgilii.

329 4362 475 4435 Tertius
489 4362 582 4433 liber
597 4357 706 4433 habet
727 4357 989 4453 pulcherrimas
1012 4363 1221 4458 descriptio·
1274 4360 1406 4457 piter¹)
1432 4358 1605 4452 relegavit
1630 4383 1732 4442 eum,
1776 4370 1852 4431 ete
1883 4363 1983 4432 coelo
2010 4361 2131 4434 eiecit.
2161 4403 2163 4406 ·
2198 4363 2278 4432 Rex

225 4492 290 4537 nes
325 4467 564 4536 animantium
598 4467 845 4559 quorundam;
888 4481 924 4537 et
958 4479 1011 4539 est
1044 4470 1221 4563 quaedam
1276 4466 1543 4536 veroAdmetus
1556 4462 1761 4554 Apollinem
1780 4465 1936 4558 excepit,
1963 4479 1998 4537 et
2011 4468 2066 4536 rei
2080 4466 2275 4564 pecuariae

142 4627 145 4630 .
225 4593 311 4664 pars
327 4566 510 4661 physices,
535 4570 625 4640 seire
639 4583 789 4643 naturas
810 4569 1065 4642 animantium.
1115 4576 1223 4642 b'unt-
1276 4569 1464 4662 praefecit,
1505 4569 1556 4637 ibi
1576 4589 1707 4638 novem
1733 4589 1848 4639 annos
1874 4569 1950 4641 eius
1972 4582 2140 4641 armenta
2162 4569 2276 4664 pavit,

226 4697 296 4793 que
318 4671 457 4742 naturis
483 4671 721 4743 animantium
750 4697 881 4765 magna
905 4673 1006 4767 signa
1030 4674 1223 4767 providen-
1276 4672 1360 4769 quia
1378 4672 1464 4741 olim
1482 4694 1583 4763 reges
1598 4667 1796 4764 plurimum
1816 4696 1855 4742 re
1877 4673 2044 4765 pecuaria
2070 4698 2108 4744 se
2133 4689 2276 4746 susten-

119 4785 120 4788 ’
225 4778 297 4847 tiae
320 4775 498 4847 divinae
488 4799 673 4867 impressa.
732 4774 779 4845 Et
803 4777 968 4850 videmus
990 4777 1221 4849 Aristotelem
1275 4777 1420 4859 tabant,
1447 4775 1537 4846 sicut
1555 4773 1760 4844 Herodotus
1782 4775 1926 4861 scribit,
1959 4774 2055 4870 Cyro
2081 4778 2186 4851 nulla
2212 4777 2274 4848 tri·

223 4902 354 4972 magna
374 4879 560 4971 diligentia
577 4901 651 4948 esse
667 4880 893 4970 complexum
912 4895 1062 4951 naturas
1085 4882 1223 4992 anima-
1274 4880 1359 4949 buta
1378 4880 1462 4948 data
1481 4901 1574 4961 esse,
1599 4878 1660 4948 sed
1677 4878 1851 4968 plurimas
1864 4874 2030 4951 habuisse
2047 4904 2198 4973 greges
2223 4882 2275 4952 iia

224 4981 334 5066 lium,
360 4996 395 5052 et
412 4982 615 5078 quasdam
605 5005 642 5051 in
659 4981 709 5053 eis
724 4983 888 5056 virtutes.
1130 5030 1132 5033 -
1275 4996 1360 5053 tunc
1384 4981 1563 5075 principes
1587 4982 1817 5072 praestabant
1834 4994 1868 5052 et
1883 4983 2104 5054 excellebant
2124 4985 2273 5070 virtute,

298 5099 389 5171 Vs
411 5105 442 5172 1
468 5099 585 5214 Palm]
616 5102 691 5172 Dea
709 5117 909 5194 pastorum
1274 5110 1349 5155 non
1373 5087 1512 5179 opibus.
1571 5083 1639 5157 Sed
1664 5100 1746 5177 post
1764 5083 1918 5177 Cyrum,
1952 5084 2086 5160 Darios
2106 5089 2273 5184 primum

327 5220 441 5294 vm,
476 5206 601 5294 pauor
624 5226 665 5295 ay
681 5223 890 5314 Amphryso]
917 5222 951 5290 ,d
977 5236 1049 5307 esp
1076 5221 1221 5315 Apollo
1275 5189 1429 5260 instituit
1460 5188 1606 5258 tributa.
1678 5186 1730 5257 lta
1754 5189 1931 5259 Admetus
1962 5212 2108 5286 quoque
2142 5188 2273 5264 habuit

225 5326 287 5417 qui
312 5323 350 5392 in
365 5321 550 5395 Thessalia
573 5331 673 5418 parit
697 5330 806 5396 boses
822 5326 966 5394 Admeti
988 5328 1099 5419 regis;
1134 5349 1221 5394 nam

222 5428 363 5520 lingunt
380 5427 584 5521 Apollinem
601 5430 817 5499 interfecisse
835 5428 1030 5522 Cyclopas,
1064 5431 1146 5498 ideo
1163 5424 1221 5498 lii-
1311 5459 1340 5527 i)
1360 5456 1480 5522 iupiter]
1498 5457 1548 5508 uo.
1566 5458 1641 5509 isis.
1658 5456 1738 5513 auius
1756 5454 1878 5508 nonbits
1896 5451 1959 5511 tooo
1977 5461 2059 5514 mist
2076 5461 2190 5526 signori
2211 5452 2256 5523 Ζι.
