4666 5902
62 209 78 300 ,1
485 199 703 290 hfflvsst
752 198 1036 311 massano
1067 196 1349 316 monocoli
1381 195 1587 275 vinoun.
1690 233 1694 239 ,
1763 266 1764 269 γ
1964 207 2090 327 toa·

62 397 169 489 lyssea
184 386 323 485 aliquid
339 401 522 482 sumptum
539 401 610 471 ests
635 401 757 463 utrum
770 415 857 487 vero
873 416 941 485 par
956 392 1004 465 sit
1053 393 1145 466 siodi
1184 393 1279 484 enim
1321 393 1508 467 consilium
1540 389 1610 462 luit
1648 415 1722 462 non
1762 406 1954 487 praecipue
1994 398 2040 468 de

62 499 169 570 „dem
183 503 310 586 poetae
327 489 500 574 facultas,
524 493 609 589 nolo
627 494 874 589 pronuntiare.
907 494 1002 572 Nota
1053 497 1293 588 agricultura,
1326 497 1389 577 sed
1413 498 1458 566 de
1485 494 1648 589 moribus
1679 493 1852 579 scribere,
1905 496 2041 588 addens

62 618 69 670 t
88 592 258 674 sententia
275 589 495 689 Quintiliani
507 589 575 686 1’),
600 618 709 693 guam
731 598 838 669 credo
856 595 1004 668 alicuius
1054 597 1176 670 brevia
1195 598 1372 692 quaedam
1388 609 1578 690 praecepta
1597 595 1649 666 rei
1668 597 1908 682 domesticae,
1933 598 2043 691 signi-

62 698 140 787 tusti
161 693 301 783 autoris
327 718 421 797 esse,
462 691 672 793 Inferiorem
703 721 778 771 esse
799 696 1007 793 virgilium,
1055 700 1164 770 ficans
1185 701 1354 777 virtutem
1375 725 1455 771 curn
1479 698 1602 768 labore
1625 697 1852 770 coniunctam
1880 723 1955 773 ease
1981 703 2042 773 de·

62 803 145 872 lita
173 794 316 880 nmen,
341 808 382 866 ut
407 797 526 889 primo
548 797 592 867 sit
615 798 785 895 propior,
811 824 918 894 quam
935 812 1004 870 ter·
1055 802 1150 872 bere.
1216 796 1411 873 Theocrito
1435 812 1488 875 est
1508 822 1593 870 sane
1619 799 1798 899 inferior.⁸
1838 798 1921 891 Illas
1942 802 2040 873 euim

62 955 73 993 ,
124 899 489 992 demulcationis
514 899 652 983 excellit
674 899 1006 999 Homerus-omnes
1056 902 1305 979 blandissimas
1340 901 1483 973 delicias
1517 925 1743 999 nequaquam
1779 915 1831 978 est
1864 917 2042 979 assecutus

62 1031 121 1090 es,
147 996 425 1090 cumGraecos,³
451 997 704 1072 cumbadum.
756 996 929 1096 superior
943 1028 1006 1077 au·
1056 1004 1247 1096 Virgilius,
1272 1019 1379 1101 atque
1401 1001 1500 1076 haud
1524 1005 1618 1088 scio,
1651 1028 1698 1073 an
1720 1005 1870 1097 recipiat
1890 1030 1950 1079 eas
1971 993 2047 1077 La·r

62 1135 85 1177 n
127 1102 287 1176 Hesiodo
317 1102 488 1194 Virgilius
520 1103 624 1175 facile
652 1128 726 1175 esse
753 1106 883 1200 potuit.
936 1105 1006 1176 lle-
1060 1107 1136 1200 tina
1154 1108 1289 1200 lingua.

106 1397 109 1401 „
216 1297 404 1401 Scholia
430 1319 642 1416 Philippi
667 1286 987 1407 Melanthanis
1019 1325 1269 1401 inditarum
1296 1319 1324 1398 l.
1358 1323 1622 1414 Georgicon
1647 1323 1849 1416 Vir-gilii.

113 1475 178 1546 Vs.
189 1475 257 1563 1.¹)
272 1471 421 1574 haas]
437 1475 473 1545 id
483 1489 547 1560 est,
563 1477 702 1560 uberes,
716 1479 880 1570 grandes.
934 1480 1004 1564 Quo
1027 1537 1032 1564 ,
1055 1475 1191 1548 civitati
1205 1472 1376 1560 Athenas,
1402 1474 1589 1567 Neptunus
1607 1500 1740 1570 equum
1753 1477 1936 1567 produxit,
1962 1477 2049 1547 Pala·

62 1580 142 1670 lere]
168 1577 206 1646 id
225 1589 295 1661 est,
321 1578 451 1671 quibus
467 1577 701 1669 temporibus.
1053 1581 1107 1651 las
1141 1581 1270 1653 oleam.
1338 1575 1393 1648 lbi
1425 1577 1631 1648 iudicarunt
1662 1578 1848 1647 inventum
1883 1578 2045 1650 Palladis

120 1679 182 1749 Vs.
206 1684 241 1763 2.
262 1675 408 1777 mma]
441 1679 569 1749 Ulmus
593 1692 628 1748 et
648 1680 708 1748 illa
732 1681 860 1766 arbor,
894 1702 1002 1775 quam
1055 1682 1294 1775 praestantius
1316 1705 1390 1756 esse
1405 1680 1564 1775 Neptuni
1588 1681 1754 1763 invento,
1778 1680 1816 1748 id
1839 1683 1910 1765 est,
1933 1679 2043 1771 signi-

64 1778 445 1867 svocamnsrusteru‚
469 1806 511 1860 es
529 1781 929 1876 qua‘plerumqueliunt
945 1806 1004 1853 ro·
1055 1785 1208 1857 ficarunt
1238 1794 1332 1867 artes
1360 1782 1458 1877 pacis
1489 1807 1563 1855 esse
1595 1782 1873 1874 praestantiores
1907 1783 2047 1853 artibus

62 1907 272 1954 recuruum.
484 1889 486 1892 ‘
740 1960 743 1964 ,
979 1876 982 1886 ’
1055 1886 1161 1970 belli,
1185 1898 1221 1955 et
1235 1885 1394 1956 civitates
1410 1885 1523 1976 magis
1541 1886 1669 1956 debere
1688 1885 1804 1954 colere
1828 1897 1922 1956 artes
1945 1884 2047 1976 pacis

116 1983 179 2062 Vs.
193 1984 229 2057 θ.
254 1979 435 2085 liniendo]
454 1984 491 2053 id
508 1984 743 2068 est‚·alendo.
1057 2011 1165 2083 quam
1184 1987 1280 2061 belli.

114 2087 179 2159 Vs.
202 2086 238 2160 4.
271 2081 518 2186 nomenata]
551 2087 683 2173 idest,
716 2083 860 2178 Quanta
885 2082 932 2154 sit
950 2083 1005 2152 in·
1131 2087 1219 2165 'Vs
1242 2086 1304 2161 14.
1332 2090 1448 2166 colim
1461 2081 1651 2187 manorum]
1682 2087 1720 2156 id
1742 2100 1813 2171 est,
1838 2087 2041 2160 Aristaeum

62 2191 152 2263 stria
169 2188 209 2258 in
225 2188 365 2280 apibus.
1056 2202 1235 2285 pastorem
1264 2190 1428 2275 invocat,
1466 2191 1529 2285 qui
1558 2191 1641 2272 iam,
1661 2213 1728 2282 pro
1751 2193 1819 2260 deo
1848 2191 2041 2267 colebatur.

69 2296 71 2300 '
114 2291 180 2364 Vs.
195 2287 231 2367 θ.
252 2286 537 2389 Biucineipiam]
552 2286 770 2378 Propositio.
844 2292 942 2370 ¹l'oc,
968 2278 1004 2384 ο]
1056 2292 1140 2364 Fuit
1161 2305 1262 2364 vetus
1287 2291 1417 2385 aliquis
1440 2288 1694 2384 philosophus,
1726 2293 1843 2364 bouus
1864 2289 2048 2386 physicus,

62 2395 213 2468 vocatio.
266 2421 267 2426 ¹
300 2397 500 2468 mentm
515 2391 663 2502 lomina]
681 2403 797 2484 idest,
822 2388 1005 2492 (MV)
1057 2393 1121 2490 qui
1134 2395 1246 2465 multa
1262 2393 1418 2477 invenit,
1443 2394 1671 2479 monstravit,
1698 2396 1882 2488 quomodo
1899 2417 1942 2465 ex
1956 2393 2044 2464 oleis

62 2524 173 2570 orum
192 2498 419 2591 praecipuae
451 2508 536 2566 sunt
563 2496 660 2571 'vires
694 2503 731 2573 in
766 2494 1006 2597 producendis
1056 2508 1176 2590 posset
1207 2493 1359 2588 exprimi
1373 2495 1504 2567 oleum.
1571 2493 1659 2566 ltem
1686 2497 1871 2592 reparavit
1895 2493 2044 2591 physica

62 2603 201 2694 agilaus.¹
439 2602 442 2611 ⁴
590 2598 602 2625 ¹
803 2616 805 2621 ’
1057 2598 1196 2668 ratione
1219 2621 1315 2690 apes.
1380 2596 1474 2670 Nam
1497 2597 1600 2669 iussit
1619 2597 1705 2690 poni
1730 2601 1859 2691 corpus
1880 2600 1986 2670 bovis
2005 2599 2046 2667 lu

120 2701 182 2774 Vs.
200 2700 234 2773 7.
260 2701 794 2794 Lideretdlmo1llicmultu'm
810 2702 1006 2798 disputant,
1057 2703 1175 2771 locum
1199 2701 1378 2782 clausum,
1403 2711 1438 2769 et
1459 2720 1534 2769 non
1554 2698 1719 2792 pervium
1743 2700 1877 2784 ventis,
1903 2725 1947 2771 ex
1970 2724 2044 2796 quo

79 2801 169 2882 haec
184 2804 247 2897 per
263 2804 528 2898 appositionem
543 2806 772 2902 intelligenda
789 2808 879 2891 sint,
905 2819 946 2877 ut
960 2804 1006 2872 ad
1058 2825 1209 2897 corpore
1226 2803 1425 2895 putrefacto
1441 2815 1562 2894 postea
1583 2814 1667 2892 apes
1683 2814 1784 2871 ortae
1801 2814 1896 2873 sunt.
1947 2802 2043 2873 Nam

62 2909 203 3002 seriora
226 2909 441 2979 referantur.
507 2906 576 2981 Sed
608 2937 673 3005 ego
698 2910 837 2984 omissis
862 2909 931 2980 illis
952 2907 1007 2975 in·
1056 2906 1149 2977 fumi
1164 2905 1201 2975 in
1224 2905 1285 2975 illo
1311 2904 1391 2974 loco
1413 2927 1487 2974 nou
1503 2914 1653 2997 possunt
1669 2898 1846 2976 exhalare.
1897 2901 1962 2974 Est
1980 2926 2045 2985 au·

62 3011 120 3083 tiis
132 3034 274 3102 expono
293 3011 354 3082 illa
371 3007 656 3108 simpliciterpro
666 3012 794 3085 Cerere
809 3005 1007 3093 etBaeeho,
1058 3021 1130 3079 tem
1145 3003 1205 3077 hic
1228 3004 1377 3102 pulchra
1401 3005 1612 3099 significatio
1637 3005 1835 3100 proposita.
1886 3004 2044 3076 Ecclesia

63 3137 109 3183 os
135 3126 217 3206 post
242 3114 289 3203 Θ
313 3124 347 3183 et
369 3125 396 3205 ἱ)
425 3112 570 3186 invocat
598 3130 771 3210 tanquam
801 3116 1007 3186 inventores
1058 3123 1142 3182 sunt
1155 3134 1251 3201 apes,
1267 3109 1320 3178 illi
1335 3121 1531 3180 nascuntur
1548 3134 1591 3179 ex
1605 3122 1760 3179 mactato
1777 3103 2043 3200 corporeChri·

63 3224 167 3307 rgum
184 3214 323 3285 etvini.
377 3205 379 3208 ’
524 3237 529 3261 ¹
565 3236 568 3243 ·
1057 3212 1114 3291 sti.
1166 3212 1221 3279 De
1244 3207 1312 3281 hoc
1334 3211 1373 3293 in
1393 3208 1453 3281 lv,
1475 3212 1581 3302 plura
1602 3205 1834 3289 habebimus.'
1938 3203 2049 3306 cess]

122 3316 184 3388 Vs.
211 3316 247 3388 8.
281 3318 461 3390 “rochos
478 3311 664 3414 glandem}
691 3316 831 3411 Species
854 3340 922 3410 pro
948 3339 1007 3408 ge·
1058 3313 1128 3385 Cea
1145 3325 1197 3383 est
1212 3310 1326 3382 insula
1344 3335 1387 3380 er
1404 3311 1617 3407 Cycladibus
1632 3311 1670 3381 in
1687 3313 1779 3381 mari
1793 3311 1948 3401 Aegaeo.
2000 3309 2043 3378 ln

63 3444 116 3502 re,
136 3418 608 3513 utsidiceretllercyniam.
642 3418 740 3489 Dicit
754 3433 873 3491 autem
890 3415 1008 3489 Chao·
1057 3417 1120 3486 sslo
1139 3417 1220 3486 loco
1235 3415 1428 3485 suntbona
1448 3437 1591 3505 pascua.
2035 3459 2036 3466 κ

63 3548 136 3609 sm,
171 3521 257 3616 quia
284 3521 323 3591 in
347 3516 529 3606 Chaonia,
566 3523 670 3616 Epiri
697 3523 863 3615 regione,
895 3520 1007 3616 pluri·
1158 3515 1221 3588 Vs.
1240 3514 1299 3587 19.
1325 3520 1418 3587 Peter
1466 3515 1590 3599 idest,
1615 3511 1851 3607 Triptoleme.

63 3650 119 3697 m
136 3623 321 3713 glaudium
340 3626 520 3717 provenit,
789 3708 791 3713 ,
1158 3616 1221 3688 Vs.
1234 3617 1297 3692 25.
1323 3621 1421 3690 Salis
1471 3617 1593 3700 idest,
1619 3616 1806 3707 segetibus.

122 3723 236 3798 Vsa.
260 3730 389 3801 Pocula
398 3711 633 3829 Aelelotsltd
649 3742 713 3815 est,
736 3752 881 3824 aquam,
898 3726 1010 3797 etiam
1159 3721 1221 3791 Vs.
1236 3716 1298 3794 24.
1328 3724 1441 3815 lopus
1454 3719 1555 3812 adeo]
1577 3719 1700 3803 idest,
1727 3730 1767 3788 tu
1782 3720 1953 3809 Auguste.

63 3833 159 3906 ecies
170 3857 235 3926 pro
250 3857 393 3926 genere.
444 3829 622 3906 Achelous
639 3847 691 3903 est
705 3831 835 3903 lluvius
848 3829 964 3925 Epiri.
1161 3823 1240 3895 Vss.
1250 3819 1302 3896 24
1316 3848 1369 3916 sq.
1396 3823 1549 3897 Consilio
1568 3815 1737 3919 Deorum]
1758 3818 1922 3889 Deorum
1947 3818 2046 3889 ordi.

127 3935 186 4009 Vs.
202 3935 262 4009 10.
287 3933 421 4036 Fusci]
442 3935 636 4020 Faunum,
661 3934 844 4028 Dryades,
871 3933 1008 4025 Neptu·
1058 3951 1122 4000 nes
1136 3937 1291 4021 quatuor
1306 3924 1414 4008 facit,
1440 3925 1666 4009 coelestium,
1691 3921 1935 4008 terrestrium,
1968 3944 2046 3990 ma·

63 4066 129 4123 rm,
150 4039 331 4125 Aristum,
355 4041 456 4113 Pana
484 4052 520 4108 et
533 4039 728 4134 sylvanum
752 4037 879 4107 ordine
903 4036 1007 4105 iuvo-
1059 4030 1224 4102 tinorum
1240 4039 1276 4098 et
1297 4026 1509 4102 inferorum.
1560 4027 1618 4098 Ad
1634 4027 1769 4097 inferos
1790 4024 1905 4093 nolim
1926 4035 1961 4092 te
1984 4025 2046 4092 de·

63 4154 98 4226 ll,
122 4142 206 4237 quia
221 4134 635 4238 unusquisqueistorum
653 4143 891 4212 detrumaut
909 4139 1009 4207 inve·
1059 4132 1228 4206 scendere
1252 4129 1383 4225 iuquit.
1433 4127 1488 4199 Ex
1511 4128 1608 4216 aliis,
1641 4127 1778 4222 iuquit,
1811 4126 1926 4195 tribus
1948 4123 2046 4193 ordi-

63 4245 116 4316 erit
141 4244 302 4341 aliquid,
327 4258 390 4317 aut
412 4245 546 4338 praesit
565 4243 630 4328 iis,
656 4267 747 4338 quae
764 4239 1010 4320 hislilrrisde·
1059 4237 1165 4307 nibus
1188 4233 1322 4324 delige,
1348 4257 1455 4327 quern
1474 4232 1691 4316 voles‚‘sive
1706 4241 1747 4299 ut
1758 4227 1868 4297 urbes
1880 4238 1916 4297 et
1929 4239 2044 4297 terras

63 4346 292 4440 ripturussit.
766 4385 769 4393 ,
870 4373 875 4398 ι
971 4364 973 4369 ’
1008 4387 1012 4398 .
1060 4337 1237 4410 curandas
1262 4333 1453 4427 suscipias,
1485 4334 1570 4404 sive·
1588 4331 1698 4402 maris
1725 4328 1937 4423 imperium,
1972 4326 2047 4399 sive

122 4449 182 4522 Vs.
203 4451 264 4524 12,
290 4453 480 4542 Gelasimo
491 4448 765 4543 [mutulo
780 4445 1009 4539 eoNeptune‚
1060 4442 1202 4533 signum
1228 4436 1375 4531 aliquod
1397 4437 1547 4507 eoeleste
1571 4437 1656 4517 fias,
1683 4434 1729 4503 ad
1755 4433 1853 4527 quod
1876 4428 2047 4524 Scorpius

64 4549 384 4647 ridiciturprimus
399 4557 607 4648 produxisse
622 4577 766 4649 equum.
813 4550 916 4626 ‘Nam'
935 4570 1009 4645 soe·
1060 4542 1192 4617 Chelas
1213 4563 1296 4610 suas
1318 4534 1516 4622 contrahit,
1541 4536 1678 4631 tibique
1705 4536 1855 4606 alteram
1878 4533 1934 4605 sni
1958 4552 2043 4626 par·

64 4651 177 4727 inistis
185 4657 367 4749 tabulam,
392 4658 430 4727 in
451 4682 522 4753 qua
543 4682 625 4730 eum
647 4657 836 4749 Neptunus
854 4648 1011 4729 inventis
1060 4660 1133 4718 tem
1148 4641 1321 4716 concedit.

64 4767 176 4833 artaret
195 4784 278 4832 eum
300 4761 468 4847 Pallade,
491 4773 584 4832 auter
605 4763 716 4831 daret
731 4755 1009 4850 appellationem
1161 4743 1223 4815 Vs.
1231 4744 1294 4818 ΞΒ.
1309 4741 1489 4834 Materna]
1506 4740 1547 4824 ἰάΙ
1558 4752 1622 4826 est,
1637 4739 1815 4811 Venerea.
1881 4727 2040 4829 Myrtus]

661 4915 663 4920 .
701 4904 703 4910 ·
1062 4864 1114 4922 est
1129 4849 1233 4918 affine
1249 4846 1419 4942 quiddam
1437 4844 1489 4928 ei,
1514 4844 1612 4939 quod
1629 4863 1696 4914 nos
1716 4843 1823 4931 vulgo
1840 4835 2041 4930 myrtsllum
2116 4857 2118 4863 ’

1061 4976 1231 5025 vocamus
1257 4949 1359 5021 illum
1381 4946 1582 5033 fruticem,
1606 4948 1650 5016 da
1682 4942 1740 5015 die
1765 4938 1959 5034 heydelber
1982 4936 2049 5007 auf

71 5053 117 5123 π’)
131 5064 240 5125 mansu
263 5065 354 5117 usuc
372 5064 452 5118 orn.
469 5062 509 5128 x,
522 5063 548 5128 r,
559 5060 604 5114 ss.
1060 5051 1244 5130 washun.

76 5155 252 5221 ’ivm
265 5178 399 5220 mm·
416 5164 533 5231 vagula
548 5161 658 5227 mats,
671 5175 747 5245 ,rw
762 5163 859 5219 ΜΦ
874 5162 949 5224 Μ·
966 5161 1010 5251 ¹⁶?
1162 5172 1292 5254 Vs.‚30.
1308 5167 1434 5272 laute]
1455 5148 1492 5244 id
1508 5184 1579 5264 est,
1598 5165 1806 5241 Norbeiam.
1875 5157 2045 5252 intelligit

107 5239 215 5301 Μ’
233 5249 267 5287 ⁶¹
283 5237 334 5289 m
352 5236 492 5299 ww*
508 5234 570 5298 ΨΟ
585 5232 732 5297 mmm
1063 5280 1141 5352 illas
1157 5276 1303 5377 srltimas
1318 5275 1470 5360 insulas,
1487 5297 1580 5370 quae
1594 5285 1677 5343 sunt
1690 5283 1773 5364 post
1788 5267 1945 5340 Scotiam
1966 5284 2045 5332 ver-

81 5322 600 5473 ’pammac-Empe.
614 5337 689 5390 Μ
707 5339 733 5389 ι’
747 5339 768 5389 1.
785 5338 816 5461 st
827 5337 855 5389 nr
866 5347 943 5402 Μ’
959 5339 1011 5466 ᾖ...
1030 5364 1040 5464 i
1062 5408 1127 5479 suss
1134 5378 1429 5478 septentrionem,
1443 5370 1665 5472 quamquam*
1672 5370 1807 5457 dicunt,
1824 5357 2051 5475 quod'lhuls

64 4944 230 4967 Ἢ
