4666 5902
227 221 308 300 ess.
673 184 675 187 ’
806 218 1318 294 manaucandum
1349 218 1690 300 efflaoaocrcs.
2022 220 2028 229 ’
2118 169 2120 173 ⁴
2195 219 2268 297 sse

226 394 323 469 Nam
341 387 527 488 Zephyrus
543 405 596 465 est
611 375 800 478 b‘landior,
829 407 865 466 ει
880 393 985 464 affert
1000 389 1133 466 halitus
1152 395 1226 464 foe·
1279 397 1405 469 rebus:
1433 396 1548 467 calido
1565 394 1775 471 ethumido.
1827 397 2016 481 Calidum,
2043 407 2100 467 εει
2120 394 2183 463 ille
2203 393 2274 486 spi-

232 498 433 572 cundiores.
1279 501 1390 583 ritus,
1417 501 1479 595 qui
1497 512 1550 572 est
1564 497 1799 585 architectus,
1824 496 2011 571 humidum
2036 512 2092 571 εει
2108 497 2276 569 materia.

336 599 397 671 Vs.
415 601 502 683 331.
533 595 794 698 reuertamur]
821 600 944 684 idest,
970 597 1151 671 seminalis
1174 597 1242 667 vi·‘
1279 604 1385 697 Sata]
1412 605 1537 686 idest,
1561 604 1759 695 plantulae.

233 705 354 775 vilicus
370 699 504 774 humor
519 704 770 796 suppeditatur
788 704 972 783 omnibus;
1000 702 1120 774 omnia
1142 716 1227 772 tunc
1381 706 1443 779 Vs.
1460 703 1549 778 353.
1574 710 1715 802 Hiulca]
1731 708 1776 777 id
1796 720 1868 791 est,
1897 704 2000 797 lapis.
2051 702 2140 776 Non
2158 704 2275 774 solum

232 805 440 898 concipiunt
459 803 650 878 humorem
678 831 720 876 ex
743 805 814 876 illis
836 807 977 877 blandis
1000 804 1166 877 vitalibus
1192 819 1228 877 ει
1280 823 1378 882 arcet
1392 811 1545 893 imbres,
1572 812 1689 882 sedin
1716 835 1848 902 magno
1873 821 1974 879 aestu
1998 807 2087 877 facit
2105 808 2273 878 umbram

233 908 399 982 iucundis
413 907 598 980 halitibus.
1280 916 1485 1010 quandam,
1510 937 1556 984 ne
1574 915 1744 984 illatura
1760 926 1907 984 arescat.

337 1011 399 1084 Vs.
424 1014 512 1085 333.
564 1014 723 1105 Credere]
759 1012 796 1082 id
830 1025 901 1097 est,
944 1011 1108 1104 gramina
1140 1024 1229 1082 tunc
1383 1015 1444 1087 Vs.
1462 1014 1550 1089 354.
1576 1020 1788 1106 Seminibus]
1813 1015 2004 1087 Decimum
2022 1013 2207 1109 quintum.

235 1128 410 1189 crescunt.
1362 1119 1444 1191 vVs.
1460 1118 1547 1193 359.
1573 1124 1764 1220 Fet-reasque
1779 1123 1947 1216 bicornes]
1974 1121 2009 1188 id
2031 1129 2106 1200 εει,
2134 1127 2276 1208 postea·

336 1219 398 1290 νε.
412 1217 501 1290 333.
544 1222 611 1290 Ver
636 1219 723 1289 tuuc
751 1219 843 1311 erat]
883 1217 920 1286 id
951 1230 1022 1300 εει,
1066 1239 1128 1285 ver
1160 1215 1228 1285 fuit
1281 1246 1388 1319 quam
1408 1238 1598 1295 creverunt
1614 1228 1723 1318 vites,
1756 1238 1792 1294 et
1813 1226 1903 1295 aliae
1927 1223 2115 1317 plantulae
2138 1232 2276 1290 erectae

235 1321 453 1415 principium
470 1321 607 1392 mundi.
655 1318 794 1392 lnvcre
810 1324 966 1392 mundus
982 1332 1034 1392 est
1050 1319 1228 1404 conditus,
1279 1339 1394 1412 stant,
1419 1339 1505 1398 tunc
1517 1353 1700 1422 supponas
1714 1329 1841 1400 fulcra.

203 1510 206 1517 .
236 1427 273 1495 id
291 1427 389 1520 quod
405 1450 529 1495 verum
546 1447 619 1495 esse
635 1436 773 1507 statuo,
800 1426 884 1519 quia
901 1420 971 1494 hoc
986 1424 1162 1516 probatur
1185 1448 1229 1493 ex
1382 1430 1444 1504 Vs.
1458 1434 1546 1506 361.
1583 1429 1768 1532 Tabulata]
1795 1432 1929 1512 idest,
1961 1442 2003 1500 ut
2026 1427 2112 1498 vitis
2136 1449 2275 1497 annexa

235 1529 321 1622 ipsis
343 1552 523 1598 annorum
548 1527 891 1619 computationibus.
948 1527 997 1597 Et
1011 1526 1167 1598 Hebraei
1193 1539 1229 1598 ει
1280 1538 1387 1609 ulmis
1402 1541 1572 1609 ascendat
1587 1550 1761 1632 tanquam
1776 1533 1991 1608 tabulatum.
2088 1529 2276 1620 Tabulata]

233 1630 402 1726 Aegyptii
425 1631 569 1701 initium
595 1633 724 1701 mundi
744 1631 781 1701 in
804 1656 887 1703 vere
910 1631 1153 1713 constituunt,
1194 1642 1229 1699 ει
1281 1640 1649 1724 idert‚nerusi1103‚

235 1759 372 1806 annum
393 1730 568 1805 inchoant
590 1733 628 1802 in
655 1759 758 1819 vere,
794 1736 877 1830 quia
900 1736 1130 1804 retinuerunt
1156 1732 1229 1823 pri·
1385 1743 1443 1816 Vs,
1460 1742 1547 1817 365,
1571 1745 1769 1838 sedum]
1795 1742 1912 1826 idest,
1933 1740 2093 1835 primum
2107 1764 2191 1810 non
2203 1734 2275 1804 lau-

234 1863 336 1909 mssffl
358 1862 518 1922 mmm,
544 1838 726 1931 implum
750 1863 770 1907 ὃ
795 1840 978 1930 pastibus,
1012 1862 1078 1907 1¹0⁰
1100 1860 1229 1907 ⁰011V2·
1281 1851 1345 1921 das
1358 1850 1476 1931 ferro,
1508 1850 1571 1919 sed
1594 1849 1774 1940 unguibus
1795 1851 1982 1939 decerpas,
2014 1844 2047 1916 si
2072 1844 2165 1940 quid
2187 1868 2279 1917 rese-

235 1941 332 2012 niret
362 1941 590 2034 supputatio,
630 1941 700 2012 nisi
731 1940 875 2011 initium
910 1942 998 2011 anni
1026 1953 1229 2013 sumeretur
1282 1956 1437 2025 candum
1458 1953 1539 2022 erit,

236 2069 257 2114 a
284 2068 380 2115 vere.
1198 2083 1212 2096 ·-
1383 2053 1444 2127 Vs.
1463 2056 1550 2127 366.
1577 2054 1771 2147 terendae]
1797 2054 1832 2123 id
1849 2066 1919 2139 εει,
1943 2052 2195 2146 decerpendae
2214 2076 2276 2146 per

337 2147 400 2222 Vs.
422 2145 511 2219 339.
563 2148 753 2242 Hyberais]
790 2143 946 2218 Pulchra
984 2145 1228 2239 amplificatio.
1281 2161 1387 2233 vices,
2231 2234 2233 2237 ¹

236 2252 444 2344 Paeana]
471 2251 508 2320 id
523 2262 595 2333 est,
621 2275 696 2320 non
714 2251 901 2344 spirabant
916 2252 1014 2322 venti
1028 2246 1194 2345 hyberni.
1382 2259 1444 2333 Vs,
1462 2262 1549 2334 371,
1580 2264 1762 2333 Texendae
1782 2262 1890 2354 seper]
1916 2258 2108 2332 Decimum
2127 2273 2277 2335 sextum.

338 2354 401 2428 Vs.
416 2352 503 2426 343.
544 2359 618 2425 Νεε
640 2356 712 2448 res]
744 2350 899 2425 Pulchra
924 2354 1155 2447 amplificatio
1183 2353 1228 2422 ab
1381 2364 1443 2438 Vr,
1460 2367 1547 2440 372,
1573 2366 1829 2455 Proasteaera]
1856 2365 1891 2432 id
1911 2377 1981 2450 est,
2009 2365 2093 2436 vitis
2108 2379 2247 2437 tenera.

236 2459 410 2544 utilitate,
437 2470 473 2528 ει
486 2459 650 2550 loquitur
667 2462 711 2530 de
737 2458 876 2553 quiete,
910 2459 1010 2530 cuius
1034 2471 1127 2528 certe
1151 2480 1229 2526 ma-
1382 2468 1444 2540 Vs,
1459 2469 1547 2541 374,
1571 2471 1762 2560 spirim„
1780 2468 1855 2559 art]
1871 2468 1909 2536 in
1925 2492 2057 2559 genere
2073 2493 2137 2563 pro
2156 2467 2276 2537 omni.

235 2563 355 2634 ximae
371 2574 456 2634 sunt
468 2562 651 2633 utilitates.
702 2561 808 2634 Nulla
826 2586 882 2633 res
896 2575 968 2647 εει,
995 2585 1088 2656 quae
1110 2572 1230 2655 posset
1280 2574 1347 2645 bur
1364 2572 1448 2644 feris
1468 2572 1590 2645 sumit,
1782 2578 1784 2581 ’

236 2667 331 2737 ferre
347 2676 559 2758 perpetuam
582 2666 815 2758 agitationem
839 2679 986 2759 excepto
1010 2667 1122 2740 coelo.
1182 2663 1231 2735 Et
1383 2674 1462 2747 Vis,
1479 2676 1555 2751 378
1571 2700 1625 2770 sq.
1664 2680 1834 2748 Veronam
1852 2678 1980 2770 matii]
2014 2676 2101 2770 quia
2127 2676 2220 2747 vites
2245 2687 2282 2747 et

237 2766 544 2842 vidctishomines
561 2769 754 2838 maximam
773 2769 868 2838 vitae
883 2781 1023 2861 partem
1039 2770 1229 2858 dormien-
1282 2779 1468 2873 plrrrrulae
1489 2793 1646 2851 uruntur
1669 2802 1793 2850 morsu
1816 2781 1999 2865 dentium,
2033 2780 2128 2851 sicut
2150 2803 2280 2873 caprae

237 2885 290 2944 tes
304 2897 429 2966 agere,
457 2873 494 2940 id
510 2874 610 2966 quod
628 2872 666 2942 in
681 2872 803 2964 pneris
819 2875 855 2942 ει
869 2873 1013 2942 senibus
1035 2872 1229 2964 praecipue
1281 2892 1347 2956 ruo
1365 2907 1489 2953 morsu
1507 2898 1617 2954 urunt
1632 2883 1734 2954 viter.

237 2976 361 3047 videre
380 2977 475 3045 licet.
528 2975 603 3045 Aut
617 2987 712 3044 certe
732 2975 763 3047 si
787 2971 856 3044 boc
880 2998 955 3045 non
978 2976 1134 3060 faciunt,
1167 2974 1231 3044 diu
1383 2986 1444 3059 Vs,
1461 2987 1549 3059 580,
1575 2987 1709 3060 Raecio
1724 2987 1841 3079 caper]
1866 2985 1953 3058 Ideo
1972 3009 2083 3078 caper
2097 2999 2276 3058 mactatur

237 3076 476 3159 movimus,
503 3077 602 3172 quod
618 3077 734 3170 ipsum
761 3078 868 3148 etiam
895 3092 948 3150 est
969 3078 1111 3170 signum
1138 3078 1229 3147 aliae
1281 3088 1446 3174 Baccho,
1479 3090 1565 3185 quia
1591 3105 1698 3163 nocet
1721 3090 1864 3162 vitibus.
1931 3088 2070 3161 Dicunt
2091 3087 2279 3162 Bacchum

238 3194 406 3251 aeternae
425 3182 540 3264 vitae,
567 3182 697 3274 etipse
721 3206 868 3253 somnus
892 3195 943 3254 est
968 3182 1089 3274 imago
1112 3205 1230 3253 resur·
1280 3193 1388 3267 tuisse
1406 3191 1622 3267 Thebanum
1637 3195 1836 3289 principem
1847 3225 1874 3279 ,ι
1885 3195 1947 3289 qui
1963 3193 2148 3267 invenerit
2168 3195 2281 3267 ratio-

238 3284 426 3369 rectionis,
461 3297 495 3354 et
510 3288 672 3375 prolecto
689 3281 797 3355 habet
813 3284 944 3358 mtrltas
960 3286 1150 3369 utilitates,
1176 3286 1230 3355 iu·
1281 3322 1366 3369 nem
1382 3299 1524 3370 colendi
1538 3299 1682 3384 vineas,
1706 3300 1796 3371 sicut
1811 3301 1907 3392 apud
1922 3322 1990 3370 nos
2004 3299 2278 3369 colueruanr.

237 3400 300 3458 vol
320 3388 611 3473 concoctionem,
646 3391 708 3459 dat
730 3389 887 3485 qulelcm
913 3391 1060 3460 cerebro
1088 3402 1124 3459 ol
1150 3388 1230 3461 ollis
1281 3402 1416 3473 banum
1433 3427 1500 3495 pro
1518 3403 1717 3475 commodis
1732 3402 2023 3495 tempestatibus,
2053 3415 2088 3472 et
2109 3400 2187 3470 vidi
2208 3401 2280 3472 ali.

237 3491 421 3563 membris.
453 3490 541 3562 Item
559 3493 597 3561 in
613 3517 742 3563 somno
759 3493 954 3585 gignuntur
969 3493 1127 3586 spiritus.
1158 3492 1230 3563 Re·
1282 3507 1429 3599 quando
1461 3505 1684 3576 circumferri
1712 3519 1868 3577 statuam
1891 3505 2031 3604 Urbani
2057 3529 2078 3574 a
2107 3504 2275 3583 rusticiu

236 3607 387 3666 vocatur
405 3596 500 3665 enim
516 3598 614 3666 calor
631 3600 676 3666 ad
692 3596 865 3667 interiora
882 3597 1016 3691 duplici
1041 3599 1086 3667 de
1111 3620 1230 3680 causa,
1282 3632 1363 3679 cum
1382 3622 1499 3680 aurern
1515 3611 1633 3684 subito
1651 3612 1808 3682 oriretur
1822 3634 1952 3702 magna
1968 3604 2170 3705 tempestas,
2186 3633 2276 3705 pro-

236 3711 277 3771 ut
307 3698 454 3769 adiuvet
482 3700 578 3770 intus
608 3700 906 3789 gubernationem
938 3702 1152 3794 spirituum,
1195 3713 1230 3769 et
1282 3712 1493 3785 iecerunriri
1505 3715 1783 3808 paluderipsum
1801 3714 2004 3789 Urbanum,

237 3802 410 3869 concedat
425 3802 523 3871 sessis
540 3802 711 3872 membris
725 3804 893 3897 quietem.
997 3808 1229 3892 matema]
1382 3815 1444 3891 Vs.
1462 3820 1549 3893 382.
1576 3821 1816 3917 Praemiaque]
1842 3819 1964 3904 idest,
1989 3842 2156 3910 caprum.
2190 3814 2277 3888 Inde

237 3905 274 3974 ld
293 3915 363 3987 θδῑ,
386 3928 511 3975 ⁰¹¹¹¹¹fl⁸
526 3927 583 3974 res
598 3919 795 3977 nascentes.
1283 3920 1391 3991 etiarn
1406 3922 1537 3993 dicitur
1560 3923 1766 4016 tragoedia,
1800 3924 1933 3995 scilicet
1958 3925 2004 3994 ab
2028 3919 2157 4010 hirco,
2192 3925 2275 4021 quia

340 4005 401 4080 VS·
419 4005 507 4104 ⁸345·
535 4009 631 4093 0¹⁴od
653 4012 820 4103 witelai]
846 4006 1035 4078 Decimum
1059 4022 1229 4103 qualium
1281 4020 1485 4112 hircussuit
1505 4029 1719 4118 praemium.
1772 4028 1968 4099 Comoedia
1995 4030 2131 4101 dicitur
2158 4054 2180 4101 a
2203 4021 2277 4104 κώ-

238 4113 282 4180 de
298 4112 570 4181 stercoratione.
1280 4125 1409 4226 μηθ’),
1436 4128 1474 4197 id
1487 4141 1557 4215 εει,
1583 4132 1724 4224 platea,
1751 4131 1836 4226 quia
1852 4134 1891 4203 iu
1909 4134 2055 4227 publico
2079 4148 2116 4205 ει
2137 4134 2178 4203 in
2193 4157 2276 4205 con·

340 4212 401 4287 Vs·
418 4213 506 4286 348·
533 4218 605 4286 ’Μ
627 4214 771 4303 lapidem
792 4215 956 4308 bibulum]
981 4211 1114 4307 ΜΡΝἰ
1136 4214 1230 4287 ἷῦὃθ·
1280 4232 1385 4303 viviis
1400 4227 1438 4301 hi
1452 4233 1527 4302 ludi
1543 4234 1711 4305 celebrati
1725 4249 1820 4307 suut.

238 4332 368 4389 runtur
382 4319 418 4387 in
436 4321 598 4403 scrobes,
625 4330 666 4387 ut
682 4329 826 4387 maneat
842 4319 946 4413 quasi
962 4319 1098 4390 cavitas
1121 4342 1230 4414 quae·
1382 4333 1443 4407 Vs,
1461 4336 1547 4408 583.
1574 4340 1769 4432 mesenae]
1796 4339 1919 4425 idest,
1945 4338 2129 4415 Thebani.

238 4420 342 4505 dam,
381 4434 420 4491 ut
454 4422 581 4493 melius
614 4421 727 4512 possit
761 4423 948 4516 concipere
982 4416 1135 4493 halitum
1168 4421 1228 4491 illa
1382 4436 1444 4511 Vs,
1468 4437 1556 4513 587,
1598 4445 1802 4538 wicram]
1840 4447 1877 4513 id
1909 4458 1979 4530 ω,
2018 4459 2175 4517 sumunt
2197 4466 2277 4536 per.

237 4524 411 4616 plantula.
462 4522 551 4594 Item
566 4525 619 4593 illi
633 4522 749 4617 lapilli
764 4525 1076 4618 arcentpluviam.
1280 4565 1399 4614 rongi,

341 4626 402 4700 Vs.
418 4624 505 4699 350.
541 4631 687 4720 Tolleat]
720 4629 852 4712 idest,
886 4630 1107 4721 spiramenta
1132 4653 1228 4700 acce·
1382 4645 1444 4720 Vr,
1464 4647 1550 4722 589.
1577 4651 1720 4747 oscilla]
1755 4650 1792 4721 id
1817 4663 1888 4737 est,
1922 4673 2117 4744 personas,
2144 4653 2280 4734 larvas,

238 4732 347 4817 dunt,
391 4745 426 4802 et
448 4732 621 4802 adiuvant
642 4744 846 4802 nascentem
879 4733 1101 4824 plantulam,
1143 4733 1227 4829 quia
1280 4748 1538 4842 imaguncula&

238 4836 357 4907 omnis
374 4861 431 4908 res
448 4837 558 4905 alitur
573 4832 701 4926 spiritu
720 4859 782 4905 scu
805 4831 931 4908 halitu.
997 4835 1096 4909 Sicut
1120 4839 1226 4907 ctiam
1383 4853 1443 4926 vs,
1461 4852 1548 4925 394,
1573 4855 1680 4947 Liba]
1706 4854 1831 4942 idest,
1863 4859 2058 4950 placentas,

238 4937 277 5006 in
291 4955 416 5010 nostro
435 4963 586 5031 corpore
608 4934 754 5028 spiritus
778 4936 897 5010 vitalis
920 4952 973 5011 est
998 4941 1146 5037 quidam
1167 4966 1228 5011 va·
1383 4975 1444 5048 vs·
1462 4974 1549 5047 396·
1577 4973 1752 5077 colum]
1776 5003 1795 5048 a
1823 4978 1969 5073 corylo.

238 5065 308 5134 por
320 5066 381 5112 seu
395 5042 598 5122 flammula;
636 5039 696 5106 illa
723 5040 834 5109 currit
857 5065 922 5133 per
945 5055 1060 5114 totum
1087 5068 1229 5138 corpus,
1382 5095 1417 5160 V
1459 5094 1536 5168 397
1574 5101 1636 5169 M
1650 5102 1697 5169 d.
1793 5094 1827 5165 D
1870 5096 1879 5112 ·
2074 5100 2101 5170 t.
2234 5101 2258 5172 d

239 5144 366 5229 alitur,
392 5157 612 5217 sustentatur
625 5142 820 5234 sanguine,
846 5144 937 5213 sicut
957 5147 1141 5218 flammula
1164 5147 1228 5217 ali·
1417 5122 1445 5167 ⁸⁶
1537 5147 1547 5167 '
1685 5098 1769 5190 mm]
1830 5121 1983 5167 emmam
2008 5123 2072 5193 sep
2091 5126 2209 5173 'mum
2259 5123 2281 5170 ο

240 5260 299 5318 tur
312 5271 391 5317 cera
409 5262 443 5318 et
459 5249 557 5317 oleo:
593 5247 642 5318 sic
664 5245 703 5313 in
725 5245 896 5339 plantulis
919 5260 971 5319 est
992 5243 1123 5322 halitus
1150 5252 1228 5346 qui.
1280 5197 1603 5273 s⁰d¹²¹¹d¹⁸v¹¹¹e¹⁸0

238 5353 342 5434 dam;
381 5351 440 5421 ille
463 5350 559 5444 rapit
584 5363 741 5420 exterra
769 5343 981 5436 humorem,
1024 5378 1095 5447 quo
1120 5355 1229 5425 alitur
1283 5377 1477 5392 ·····-·

239 5469 305 5528 etc.
372 5455 506 5526 Omnia
530 5452 712 5525 nascentia
737 5464 903 5530 constant
926 5460 976 5524 εί
994 5456 1064 5528 illis
1090 5456 1228 5530 duabus
1315 5491 1365 5557 rr)
1383 5490 1476 5562 ,ὠμῇ
1495 5495 1537 5548 ,10
1554 5494 1670 5560 ,crim
1701 5490 1750 5568 ¹5¹·
1765 5489 1840 5542 Μ,
1859 5486 1954 5558 ,rm
1971 5492 2104 5562 [wrm
