4666 5894
62 201 71 277 ι
471 193 674 267 nxxxvu.
736 168 1020 271 enarrarre
1048 194 1325 268 nuconscon
1358 194 1574 275 vmcnu
1959 199 2038 295 aas

62 377 79 445 t.
138 368 240 459 Alter
262 364 359 436 enim
385 365 566 463 (Damon)
594 368 750 447 deiectus
775 369 819 437 de
843 390 904 460 spe
928 391 992 461 po·
1281 383 1282 386 ’
1382 370 1589 484 Ecloga
1616 370 1694 454 IX,

62 473 122 545 ndi
136 469 268 549 amasia
281 467 390 553 Nisa,
412 493 505 564 qnae
518 468 648 561 Mopso
664 469 705 546 in
718 469 990 568 matrimonium

62 581 175 651 locata
197 584 295 656 erat,
322 571 424 642 nulla
442 572 647 647 inconcessa
674 572 809 647 amoris
832 571 990 642 remedia

62 680 162 762 tibet,
187 677 252 758 sed
269 686 412 747 tantum
427 699 530 748 suam
546 674 728 753 miseriam
746 687 781 744 et
803 673 991 753 infelicita-
1144 674 1303 757 Venusta
1320 672 1453 766 licloga
1475 686 1528 745 est
1541 673 1678 746 variata
1698 676 1871 769 querelis,
1898 677 2031 773 votis⁰)

62 810 67 852 t
97 780 288 876 deplorat,
326 776 544 851 intertexens
578 800 663 848 suae
684 776 850 871 querelae
876 776 989 849 multa
1043 789 1078 847 et
1092 776 1344 868 gratulatione.
1394 776 1546 860 Dicitur,
1563 776 1659 848 enim
1685 777 1816 870 scripta
1839 774 1908 848 hac
1932 803 2031 849 occa-

62 876 170 959 imo
187 875 254 958 καὶ
269 874 539 976 dupondiumet,
563 874 757 975 propterea
774 879 872 973 quod
887 902 991 972 prae·
1042 879 1162 963 sione,
1186 880 1283 973 quod
1301 880 1463 979 centurio
1489 879 1636 972 quidam
1661 893 1810 954 conatus
1832 881 1952 953 fumat
1972 907 2030 952 ex·

62 987 234 1061 omnium
252 981 459 1075 opinionem
476 983 563 1056 Nisa
579 981 758 1076 nupsisset
772 981 903 1074 Mopso
926 975 991 1051 ho-
1041 982 1173 1075 pellere
1188 981 1380 1074 Virgilium
1398 1006 1441 1054 ex
1453 981 1627 1074 praedio,
1654 981 1941 1076 quodAugustos
1948 984 2031 1056 vir-

62 1088 107 1174 ti,
146 1100 192 1173 ut
218 1097 496 1164 consentaneum
526 1097 598 1171 est,
638 1084 812 1167 deformi,
855 1096 891 1153 et
913 1107 989 1153 non
1041 1083 1126 1175 gilio
1142 1084 1359 1158 restituerat.
1408 1082 1494 1154 Ideo
1511 1095 1635 1175 pastor
1656 1084 1762 1156 initio
1785 1087 1949 1177 deplorat
1973 1111 2030 1159 ca·.

62 1215 86 1261 e
102 1191 313 1279 instructoe
330 1211 371 1259 re
386 1187 577 1276 familiari,
604 1211 755 1282 eamque
777 1187 823 1255 ob
845 1208 988 1260 causam
1040 1186 1237 1271 lamitates,
1265 1210 1356 1281 quae
1373 1185 1529 1256 existunt
1550 1211 1592 1257 ex
1614 1187 1718 1260 bellis
1733 1187 1906 1263 civilibus.
1958 1189 2030 1261 lla-

62 1295 165 1384 igno,
192 1289 468 1381 studebatur,
501 1289 565 1361 tali
586 1289 749 1382 coniuge.
807 1286 990 1382 Significat
1039 1289 1101 1359 bet
1113 1301 1233 1360 autern
1246 1288 1346 1359 locos
1362 1311 1571 1358 communes
1580 1288 1737 1382 insignes
1750 1290 1903 1386 aliquot.
1950 1291 2029 1360 Pri·

62 1420 116 1486 sm
129 1389 222 1478 haec
234 1392 339 1485 prior
353 1416 439 1485 pars
450 1391 628 1487 Eelogae,
654 1416 760 1487 saepe
782 1389 989 1485 inaequales
1039 1417 1119 1464 mus
1141 1405 1211 1476 est,
1251 1414 1361 1485 quam
1381 1390 1429 1460 sit
1444 1390 1657 1481 ,calamitosa
1680 1417 1736 1462 res
1757 1393 1892 1472 bellum
1915 1393 2029 1467 civile.

62 1521 128 1574 ons
144 1507 181 1567 et
196 1495 275 1572 aliis
292 1494 398 1570 donis
419 1495 496 1587 lege
519 1495 631 1587 iugali
654 1492 842 1585 coniungi,
874 1505 915 1562 ut
937 1492 989 1560 al·
1039 1493 1222 1570 Secundus
1259 1495 1303 1563 de
1341 1492 1582 1575 inconstantia
1616 1487 1861 1574 humanarum
1894 1519 2027 1568 rerum.

62 1621 244 1691 spersona
260 1598 322 1668 det
335 1620 472 1690 poenas
486 1599 695 1691 superbiae,
722 1620 795 1691 qua
821 1594 988 1689 aequales
1039 1596 1202 1680 Tertius,
1245 1596 1342 1689 quod
1364 1595 1557 1688 praecipue
1578 1597 1716 1684 studia„
1755 1597 1851 1690 leges
1873 1609 1908 1666 et
1934 1611 2028 1685 artes

62 1692 183 1796 idiose
200 1699 423 1792 contempsit.
475 1701 577 1771 Alter
593 1695 888 1794 (Alphesiboeus)
905 1720 986 1769 eum
1038 1699 1135 1792 pacis
1158 1699 1198 1768 in
1219 1697 1320 1770 bellis
1340 1697 1503 1769 civilibus
1534 1698 1798 1790 extinguantur.
1860 1698 2027 1771 Primum

62 1793 209 1896 ,posset
222 1802 331 1898 potiri
346 1797 540 1896 Daphnide
563 1803 723 1887 amasio,
758 1799 918 1872 decurrit
930 1800 987 1879 ad
1037 1799 1152 1893 igitur
1163 1800 1265 1876 brevi
1279 1800 1380 1872 dicto
1395 1812 1431 1871 et
1444 1824 1627 1894 sarcasmo
1645 1801 1812 1886 describit
1825 1803 1973 1889 usitatas
1989 1803 2028 1874 in

62 1907 110 1976 lia
122 1905 155 2001 ¹)
174 1906 408 1997 irregularia,
434 1918 470 1975 et
491 1929 512 1974 a
528 1905 606 1975 Deo
626 1900 829 1996 prohibita,
862 1901 986 1972 videli·
1037 1903 1201 1978 civilibus
1215 1903 1403 1982 discordiis
1422 1904 1647 1996 expulsiones
1662 1904 1799 1987 civium
1812 1929 1855 1974 ex
1868 1906 2027 1998 paternis

62 2009 106 2079 sd
122 2008 282 2100 magicas
298 2020 411 2092 artes,
437 2009 535 2078 etad
554 2006 746 2090 veneficia,
778 2002 908 2100 quibus
930 2000 987 2072 vel
1036 2006 1161 2093 bonis,
1197 2006 1289 2089 sicut
1312 2031 1409 2082 nunc
1431 2031 1575 2101 quoque
1597 2007 1729 2100 passim
1752 2009 2026 2099 proscribuntur

62 2135 140 2182 :um
170 2104 404 2202 Daphnidem
432 2111 481 2180 ad
514 2134 551 2182 se
579 2102 790 2202 pertrahere
822 2119 986 2189 conatur,
1037 2108 1311 2201 etexpelluntur
1327 2111 1421 2183 cives
1436 2121 1586 2202 propter
1599 2109 1821 2202 religionem,
1853 2110 2025 2202 Magnam

62 2213 202 2286 tCirce
217 2213 314 2304 apud
334 2211 622 2287 Homerumsuis
643 2208 782 2303 poculis
803 2210 986 2278 dementa-
1037 2223 1157 2283 autem
1200 2207 1390 2303 emphasin
1429 2208 1537 2282 hahet
1570 2213 1631 2282 illa
1660 2216 1772 2305 figura
1805 2237 2023 2285 sarcasmus:

64 2329 275 2404 penatores,
316 2328 351 2386 et
383 2300 559 2409 quosdam
580 2315 619 2383 in
642 2336 792 2407 porcos,
831 2309 922 2381 alios
946 2307 986 2378 in
1037 2311 1115 2405 (Vs.
1131 2312 1185 2411 4.)
1219 2318 1314 2387 naec
1336 2338 1411 2385 mea
1442 2325 1544 2398 suat,
1584 2326 1708 2389 meree
1735 2322 1879 2409 migrate
1903 2319 2024 2399 coloni.

62 2419 174 2514 μοι’),
198 2417 396 2496 nonnullos
410 2419 451 2488 in
467 2412 661 2510 pantheras
676 2412 985 2486 transformavisse
1036 2414 1220 2507 Significat
1245 2416 1341 2487 enim
1371 2411 1431 2485 hic
1461 2426 1579 2505 gestus
1610 2419 1762 2510 superbe
1794 2421 2026 2503 insultantem

62 2533 136 2607 tur.
186 2520 367 2595 Narratur
381 2522 426 2592 de
443 2520 626 2615 Cypriano
642 2517 825 2611 Martyre,
851 2527 887 2586 et
899 2511 985 2607 Epi·
1037 2518 1209 2592 victorem
1225 2519 1339 2592 vietis.
1390 2518 1574 2590 Secundus
1592 2517 1709 2604 locus,
1736 2523 1835 2614 quod
1852 2522 2028 2615 respubli-

62 2650 104 2696 ›o
118 2618 414 2716 Carthaginensi,
441 2625 540 2719 quod
564 2634 647 2697 ante
668 2618 812 2716 suaml)
837 2637 987 2689 couver-
1037 2645 1098 2690 cae
1116 2616 1274 2692 habeant
1285 2622 1411 2691 fatales
1427 2619 1686 2692 vicissitudines
1705 2635 1741 2696 et
1757 2647 1906 2714 poenas.
1940 2623 2028 2697 Ideo

62 2707 136 2796 iem
154 2726 200 2797 ad
215 2721 415 2812 Christum,
440 2727 549 2799 suerit
561 2724 709 2817 Magus,
743 2735 779 2794 et
802 2720 985 2817 quandam
1037 2725 1105 2793 ait:
1147 2722 1225 2815 (Vs.
1242 2718 1296 2818 5.)
1321 2728 1424 2795 Nunc
1447 2726 1529 2794 vieti
1550 2726 1688 2807 tristes,
1728 2733 1888 2822 quoniam
1912 2729 2026 2816 sors⁷)

62 2830 152 2900 llam
171 2829 318 2922 magicis
334 2830 473 2904 artibus
492 2830 538 2901 sd
560 2853 597 2902 se
620 2827 814 2899 transferre
836 2834 986 2896 conatus
1035 2830 1151 2897 omnia
1173 2837 1297 2898 mesot.
1363 2823 1509 2895 Tertius
1538 2823 1656 2910 locus,
1699 2852 1806 2921 quern
1828 2829 1954 2900 tribuit
1977 2832 2028 2899 al-

104 2931 268 3024 puellam
294 2957 383 3004 vero
410 2936 488 3003 non
519 2930 681 3025 potuisse
707 2928 805 3001 vinci
827 2924 985 2997 carmine
1038 2929 1106 3004 teri
1129 2929 1289 3021 pastori,
1324 2929 1424 3023 quod
1445 2927 1538 2998 bella
1562 2928 1679 2998 civilia
1696 2929 1851 3002 maxime
1872 2948 2027 3004 noceant

62 3034 154 3125 ςὶω,
182 3047 376 3127 propterea
399 3037 499 3130 quod
521 3035 722 3106 invocasset
735 3030 893 3103 Mariam
904 3026 986 3098 Vir·
1036 3032 1182 3117 litteris‚
1214 3030 1444 3125 disciplinae,
1478 3031 1635 3122 legibus,
1674 3044 1710 3102 et
1728 3033 1905 3119 similibus
1931 3037 2028 3127 pacis

62 3159 131 3209 em.
180 3135 261 3208 Etsi
277 3150 396 3208 autem
419 3139 601 3231 posterior
621 3160 706 3229 pars
730 3130 838 3206 huius
861 3151 987 3200 narra·
1038 3134 1194 3218 artibus,
1240 3146 1277 3204 et
1308 3135 1465 3206 efficiant
1497 3134 1701 3215 barbariem
1736 3161 1785 3206 ac
1813 3137 2028 3214 vastitatem.

62 3238 141 3325 ris„
156 3239 203 3307 de
216 3238 442 3311 invocatione
453 3240 616 3325 Mariae,
649 3237 838 3331 abaliquo
863 3255 987 3326 super·
1038 3234 1120 3307 ldeo
1142 3236 1245 3307 dicit:
1288 3236 1383 3330 (Vas.
1402 3236 1596 3334 11-13.)
1622 3240 1694 3309 Sed
1717 3244 1874 3313 comino
1896 3252 2029 3322 temous

62 3364 135 3414 oso
148 3335 333 3411 monacho
352 3342 431 3415 ficta
454 3357 508 3416 est
528 3345 575 3414 ad
597 3340 846 3414 stabiliendam
871 3335 988 3411 idolo·
1037 3344 1165 3412 Nostra
1184 3340 1313 3426 sabat,
1340 3342 1492 3431 Lycida,
1526 3343 1593 3411 tota
1616 3345 1710 3414 taur
1729 3336 1886 3425 Mansa,
1919 3363 2028 3437 qm.

62 3445 135 3517 iam
159 3444 402 3518 invocationis
426 3459 673 3519 mortuorum:
716 3455 839 3514 tamen
871 3436 988 3532 priori
1036 3453 1108 3513 tum
1124 3443 1294 3519 Glaesiae
1308 3447 1425 3514 dieunt
1440 3443 1556 3536 aquila
1569 3447 1720 3514 mntem
1735 3446 1914 3520 colossaeas·
1955 3445 2029 3516 Sie-

62 3547 453 3640 tinonomniuolides
468 3549 678 3642 deroganda
694 3560 757 3620 est.
815 3543 868 3617 Ut
889 3540 987 3612 enim
1038 3557 1090 3617 ut.
1105 3543 1286 3637 Ennius⁸)
1314 3545 1381 3614 ait:
1421 3543 1612 3639 Pellitur⁹>
1641 3570 1660 3612 e
1690 3547 1810 3618 medio
1840 3548 2029 3641 sapientia,

62 3650 180 3720 Paulo
209 3664 439 3742 persecutore
470 3665 553 3746 post
575 3650 846 3723 conversionem
873 3647 988 3715 lactus
1038 3647 1075 3717 vi
1092 3648 1228 3740 geritur
1244 3671 1315 3718 res.
1363 3646 1411 3716 Et
1428 3645 1591 3741 illud¹⁰):
1619 3646 1734 3723 Silent
1747 3649 1841 3742 loges
1854 3651 1949 3723 inter
1972 3677 2029 3723 er-

63 3751 256 3842 Apostolus
270 3754 452 3847 gentium,
478 3768 515 3826 et
531 3777 706 3847 organum
721 3751 792 3823 Dei
818 3750 986 3820 electum:
1039 3775 1110 3822 ma.
1161 3749 1210 3820 Et
1225 3749 1378 3821 Ovidius
1386 3748 1452 3843 ¹¹):
1485 3748 1664 3845 Victaque
1686 3754 1843 3845 pugnaci
1861 3754 1942 3825 iura
1963 3757 2029 3831 sub

75 3853 153 3921 lieri
174 3866 311 3947 potest,
344 3870 386 3930 ut
409 3883 454 3929 er
469 3863 582 3950 'mago
600 3856 783 3951 Cyprieno
806 3855 919 3923 lactus
943 3848 989 3919 sit
1040 3877 1123 3925 ense
1139 3852 1319 3946 latratu).
1371 3852 1472 3926 Sicut
1491 3876 1558 3924 nec
1570 3854 1786 3945 Pompeius,
1819 3881 1885 3932 nse
1900 3857 2031 3933 &esar

62 3954 216 4028 tissimus
231 3955 431 4056 Episcopus
447 3974 482 4033 et
498 3960 641 4055 Martyr
655 3955 893 4038 fortissimus,
925 3950 990 4045 qui
1039 3957 1133 4047 leges
1149 3969 1212 4027 aut
1227 3955 1375 4027 consilia
1390 3957 1591 4040 honorum,
1625 3969 1666 4029 ut
1682 3957 1865 4032 Ciceronis
1884 3973 1920 4032 et
1943 3963 2031 4034 alio·

64 4057 148 4128 itata
189 4063 366 4134 sententia
406 4061 718 4136 condemnationis
759 4055 852 4130 nihil
890 4053 989 4125 aliud
1039 4083 1142 4144 rum,
1184 4059 1391 4142 audiebant.
1458 4058 1512 4134 ili
1537 4059 1609 4132 loci
1631 4070 1839 4139 communes
1860 4076 1944 4137 sunt
1966 4066 2031 4137 oh-
2117 4118 2122 4122 ⁴

62 4160 109 4246 it,
133 4161 204 4235 nisi
220 4159 290 4246 hoc
308 4192 441 4238 unum:
467 4169 546 4260 Ago
563 4166 635 4258 ,tibi
655 4164 808 4257 gratias,
841 4186 863 4231 o
879 4157 990 4242 Deus,
1040 4162 1229 4248 servandi,
1269 4163 1354 4257 quia
1382 4175 1533 4234 monent
1553 4164 1722 4241 lectorem
1745 4166 1790 4236 de
1811 4165 1955 4255 magnis
1974 4192 2031 4240 re-

62 4265 98 4334 nd
114 4289 173 4338 me
190 4268 404 4364 participem
427 4266 553 4343 feceris
572 4288 733 4340 summae
755 4279 791 4337 et
810 4261 990 4334 maximae
1041 4268 1126 4351 bus,
1153 4268 1198 4337 de
1214 4264 1393 4358 fugiendis
1418 4279 1454 4336 et
1476 4265 1642 4338 cavendis
1664 4266 1765 4340 bellis
1786 4279 1822 4340 et
1844 4268 2031 4344 discordiis

62 4367 160 4455 riae,
180 4367 450 4467 Prophetarum
472 4387 507 4445 et
521 4368 780 4466 Apostolorum
803 4379 839 4439 et
852 4362 991 4458 Marty-

62 4493 97 4542 ω·
156 4471 286 4576 Neque
316 4500 403 4547 vero
430 4476 667 4570 posteriorem
699 4468 806 4543 huius
828 4466 991 4563 {Eclogae

63 4583 142 4644 rtem
161 4578 371 4671 scrupulose
379 4580 412 4675 ⁶)
436 4601 714 4674 persequamur,
748 4598 830 4645 cum
842 4569 912 4655 Dei
930 4568 992 4641 be·
1076 4554 1109 4609 ὅ)
1127 4549 1214 4619 votts]
1234 4552 1276 4603 '¹⁰
1293 4553 1460 4622 “wi
1484 4553 1535 4613 Π·
1550 4551 1626 4607 ¹⁶⁶⁹·
1644 4554 1727 4618 *⁰²³³
1750 4554 1802 4670 ff·
1816 4555 1892 4609 ¹⁵⁹³·
1912 4561 1985 4611 voto.

62 4672 131 4746 :icio
154 4702 198 4748 ex
221 4703 309 4771 agro
337 4695 446 4776 atque
471 4682 601 4752 finibus
620 4677 798 4750 Ecclesiae
826 4670 992 4746 extermi·
1076 4637 1712 4773 ’'Jiifl,⁸ffie⁸ilii¹ii⁵dls;¹⁶iiigiiiii
1728 4643 1890 4767 sifuliii',
1900 4645 2032 4775 mpii:

62 4785 96 4842 ita
109 4779 307 4875 sumpta,
336 4784 437 4856 cuin,
463 4781 642 4874 ignoratio
666 4781 784 4853 maior
809 4773 862 4851 esi
883 4799 992 4871 quam
1112 4778 1198 4830 Fors.
1234 4776 1305 4826 vute
1323 4776 1384 4826 etus
1400 4778 1494 4827 curet.
1513 4774 1577 4831 erit.
1596 4778 1632 4831 sd
1651 4771 1715 4833 tet

62 4871 162 4954 impia·
1077 4861 1108 4930 8)
1128 4864 1198 4913 Eun.
1215 4861 1316 4912 Anuttl.
1333 4861 1353 4911 l.
1366 4861 1439 4912 Vlll.

1079 4951 1111 5010 9)
1128 4947 1260 5005 Pellitur]
1278 4947 1320 4998 sto
1338 4947 1422 4999 rotet.
1436 4949 1528 5016 tete,
1551 4950 1644 5016 tm,
1664 4953 1755 5015 tem
1786 4949 1815 5002 tu
1832 4951 1914 5002 nauli
1931 4951 2032 5018 resen.

62 5045 209 5069 κ...-
1114 5019 1151 5071 sb
1167 5017 1280 5068 ueros.
1299 5015 1434 5069 cunnos
1450 5021 1576 5083 conquir.
1595 5021 1704 5074 reond·
1726 5032 1819 5073 soror.
1838 5023 1885 5072 rr.
1904 5023 2033 5075 Baretta

1116 5086 1249 5151 (Anstsl.
1267 5084 1342 5138 1701.
1361 5083 1402 5148 t.)
1420 5101 1446 5151 p.
1460 5087 1503 5140 at.
1523 5089 1551 5139 tn
1569 5091 1649 5140 textu
1665 5090 1784 5155 legitor:
1810 5091 1937 5145 Toultur.

65 5149 194 5226 'imm
213 5164 256 5216 stc
273 5165 324 5216 tt·
338 5164 432 5229 twa
456 5166 508 5217 Et·
524 5163 599 5215 ¹⁵⁹³·
618 5165 715 5215 nenas
733 5166 862 5226 trever-2
881 5161 978 5213 neus.
1082 5175 1131 5234 ιο)
1147 5172 1206 5226 otc.
1223 5174 1296 5222 oret.
1314 5183 1365 5236 pro
1382 5172 1487 5223 ursone
1505 5175 1538 5240 ι,
1557 5174 1598 5225 ro.

64 5235 203 5312 uteru]
221 5251 264 5302 nc
282 5252 332 5303 rr.
349 5252 442 5314 rasa,
466 5252 515 5302 rs.
532 5249 608 5303 raas.
626 5249 712 5300 mre:
737 5248 835 5300 resen.
1082 5263 1130 5320 ιι)
1148 5257 1228 5313 one
1247 5258 1332 5311 rme
1350 5259 1395 5322 v,
1411 5258 1439 5325 a,
1456 5260 1499 5311 se

65 5317 264 5400 litatorum]
284 5333 327 5385 sic
343 5334 502 5400 &1804
525 5332 576 5385 Ed.
593 5330 668 5383 lm.
687 5333 752 5381 tuto
769 5330 806 5381 td
823 5341 909 5383 nutu.
1085 5343 1132 5411 ῃ)
1150 5346 1257 5405 1·ng
1275 5345 1317 5397 ,ιο
1333 5344 1419 5397 mg
1434 5346 1526 5408 qm,
1546 5346 1636 5408 qm,
1656 5346 1754 5411 mm
1779 5347 1864 5403 um·
1883 5347 1987 5413 “mg
2006 5349 2035 5398 ος

63 5404 91 5474 ³)
104 5416 270 5486 ttruputose]
290 5420 331 5471 sio
348 5421 405 5488 lto,
417 5420 509 5484 lma
530 5417 582 5497 βᾶ.
598 5415 673 5470 1568.
693 5416 848 5481 speculose.
1116 5414 1330 5469 munierum
1352 5413 1454 5467 boort.
2009 5431 2010 5435 ,

1111 513 1444 607 Argumentum
1470 517 1516 587 in
1543 540 1710 587 nonam
1733 516 1960 610 Eelogam.
