4666 5902
223 180 299 302 aaa
716 230 723 240 ·
798 204 921 283 ran.
952 202 1067 281 mn
1099 195 1304 276 sonum
1335 192 1674 272 rnnonooroa
2043 257 2045 262 a
2188 195 2266 268 ssa

227 470 230 478 .
327 386 389 459 Vs.
415 382 500 471 195.
551 388 618 457 Sia
654 378 829 480 armentu]
868 380 968 452 Sicut
997 373 1152 470 Phrysia
1184 388 1219 446 et
1272 372 1357 445 Non
1373 369 1554 454 dubitate,
1581 368 1671 464 quin
1688 392 1838 473 corpora
1857 370 2076 441 conveniant
2098 387 2190 436 cum·
2207 389 2274 435 na-

224 479 417 560 Hollandia
436 484 697 559 habentmulta
722 509 873 578 pascua,
908 496 944 553 et
965 506 1041 551 non
1064 481 1217 552 multum
1272 474 1580 556 turisterrarum,
1608 472 1700 544 sicut
1725 496 1876 563 corpora
1902 473 1940 541 in
1956 469 2165 560 Thuringia
2189 483 2277 539 sunt

227 618 408 685 agrorum.
439 591 550 662 Extra
561 586 801 680 Thuringiam
820 584 929 657 habet
945 587 1098 656 multum
1117 607 1220 674 agro·
1273 576 1470 670 grandiora
1483 600 1592 669 quam
1612 571 1690 659 hic,
1723 575 1806 669 quia
1826 571 2148 656 hiesuuttenues‚
2178 571 2277 656 salsi,

225 722 305 767 rum
325 710 359 765 et
375 718 486 787 pauca
506 706 623 785 prata.
1272 693 1308 751 et
1323 679 1439 748 amari
1454 674 1609 762 halitus,
1634 679 1724 749 sicut
1739 678 1846 746 etiam
1864 692 1959 747 terra
1976 690 2049 760 εει,
2083 676 2170 744 ideo
2196 700 2278 746 cor·

328 797 390 871 Vs.
409 796 494 869 196.
533 802 675 867 Urentes
699 788 809 890 cultu]
835 786 991 862 Pulchra
1009 787 1219 880 descriptio:
1272 807 1362 877 pora
1379 793 1464 852 sunt
1479 784 1672 864 rarefacta,
1698 806 1818 850 macra
1835 794 1872 851 et
1887 779 2019 851 tenuia.

227 901 383 994 capellae
405 900 553 970 laedunt
578 900 726 969 arbores
749 920 824 965 non
850 906 991 964 tantum
1013 893 1221 975 lacerando,
1376 882 1438 955 Vs.
1456 886 1545 959 220.
1573 887 1709 978 Sutia]
1735 884 1773 952 id
1793 898 1863 967 εει,
1898 909 2026 956 vomer
2048 910 2128 955 non
2153 885 2274 956 statim

227 1009 288 1077 sed
307 1005 459 1074 urendo.
504 1003 599 1073 Nam
616 1002 763 1070 arbores
779 1011 879 1069 ustae
896 992 1011 1067 halitu
1029 1019 1220 1088 caprarum
1275 986 1433 1079 concipit
1449 987 1665 1078 rubiginem.

226 1107 435 1177 moriuntur
452 1117 488 1174 et
504 1117 674 1195 pereunt,
698 1101 781 1198 quia
799 1124 927 1191 caprae
942 1110 1114 1190 perpetua
1130 1096 1221 1167 febri
1374 1087 1437 1162 Vs.
1452 1085 1541 1165 225.
1573 1083 1731 1187 Cluuius]
1750 1088 1823 1182 Qui
1838 1115 1943 1181 saepe
1963 1091 2155 1163 exundans
2171 1104 2279 1163 nocet

227 1211 407 1280 laborant.
472 1205 557 1277 Ideo
587 1207 693 1276 etiam
720 1206 866 1275 aluntur
889 1203 925 1270 in
952 1201 1039 1272 locis
1061 1200 1222 1272 dumosis
1275 1192 1420 1263 acerris.

229 1327 264 1382 et
280 1309 557 1403 campestribus,
584 1310 646 1380 ubi
662 1332 737 1377 non
755 1319 839 1378 sunt
864 1307 981 1375 cultae
1009 1304 1156 1374 arbores
1182 1315 1223 1374 ut
1376 1293 1438 1367 Vs·
1446 1296 1535 1371 226.
1562 1301 1666 1367 Nunc
1680 1320 1743 1388 quo
1756 1291 1937 1392 quumque]
1952 1295 2155 1389 Septimum
2168 1321 2279 1389 prae-

118 1411 121 1414 ’
230 1417 269 1485 in
292 1415 432 1484 Hassia.
1276 1411 1430 1493 ceptum.
1492 1399 1648 1491 Quando
1666 1399 1781 1470 facitis
1797 1400 1959 1469 scrobem
1976 1400 2012 1467 in
2031 1401 2112 1471 solo
2128 1399 2276 1493 Lipsico

221 1529 226 1533 ·
331 1513 495 1587 V5,197,
526 1508 685 1610 Tarenti]
715 1512 839 1595 idest,
874 1511 914 1579 in
936 1509 1005 1580 illis
1026 1509 1115 1581 locis
1139 1521 1224 1581 sunt
1269 1516 1311 1600 et
1327 1513 1472 1585 nostro,
1498 1513 1584 1572 tunc
1607 1525 1682 1571 non
1705 1502 1852 1592 potestis
1875 1501 2023 1593 implere
2054 1505 2204 1573 foveam
2230 1506 2280 1574 ef-

228 1623 323 1691 bona
346 1642 488 1711 pascua.
592 1611 737 1711 Saturi]
765 1615 800 1682 id
820 1628 890 1697 est,
916 1612 1070 1704 pinguis.
1273 1605 1506 1688 fossatensi,
1529 1604 1567 1673 id
1582 1606 1680 1699 qnod
1698 1604 1840 1695 signum
1855 1618 1907 1676 est
1923 1629 2027 1676 rarae
2048 1619 2186 1679 terrae.
2238 1605 2278 1677 ln

333 1721 395 1792 Vs.
423 1719 507 1790 198.
540 1718 674 1809 Infelix
703 1714 874 1816 Mantua]
907 1717 1063 1808 Propter
1088 1713 1223 1784 bellum
1276 1704 1479 1797 Thuringia
1506 1720 1624 1776 autem
1649 1708 1795 1798 impleta
1816 1709 1929 1792 fossa,
1960 1723 2056 1779 terra
2083 1710 2199 1780 etiam
2227 1725 2278 1782 est

230 1825 354 1908 civile,
378 1822 463 1918 quia
478 1820 660 1913 Augustus
676 1821 859 1891 distribuit
882 1843 987 1911 agros
1005 1818 1225 1887 Mantuanos
1276 1811 1436 1904 reliqua,
1474 1811 1573 1902 quod
1602 1811 1778 1903 siguificat
1807 1826 1941 1881 terram
1967 1838 2041 1886 εεεε
2067 1814 2279 1886 densiorem

230 1928 303 2001 suis
318 1925 511 2008 militibus,
537 1937 578 1994 ιιι
594 1925 631 1992 in
646 1925 761 2016 prima
778 1922 910 2014 Ecloga
928 1921 1050 1991 videre
1066 1921 1160 1991 licet.
1277 1927 1312 1985 et
1335 1911 1548 2005 pleniorem.
2161 1988 2163 1990 ,

336 2026 394 2100 Vs.
422 2027 507 2101 199.
550 2023 701 2124 Cygnus]
729 2025 846 2097 Habet
871 2026 1004 2096 multos
1026 2047 1159 2118 cygnos
1186 2021 1224 2090 in
1382 2012 1441 2085 Vs·
1463 2016 1552 2089 228.
1586 2018 1708 2089 attera
1731 2012 1933 2116 frumentis]
1967 2018 2004 2088 id
2038 2033 2113 2105 est,
2155 2022 2279 2094 densa.

232 2131 373 2227 Myntio
394 2131 556 2201 flumine.
599 2168 602 2173 ·
1276 2119 1414 2208 attera]
1441 2116 1568 2202 idest,
1594 2143 1690 2191 rara.
1804 2198 1811 2210 ¹

335 2234 395 2304 Vs.
410 2235 497 2309 203.
523 2227 653 2329 Nigra]
672 2230 821 2323 Nigrum
838 2233 953 2302 solum
973 2243 1025 2300 est
1042 2243 1226 2322 praestan·
1379 2219 1440 2290 Vs·
1457 2223 1545 2295 231.
1572 2219 1734 2324 Puteum]
1760 2222 1798 2291 id
1819 2235 1890 2306 est,
1924 2225 2103 2296 scrobem.
2158 2225 2197 2296 si
2219 2251 2280 2297 su·

232 2339 430 2421 tissimum,
479 2339 576 2432 quod
619 2349 654 2404 et
693 2339 887 2406 secundum
923 2334 1124 2403 Homerum
1162 2343 1225 2402 est.
1277 2335 1396 2414 perest
1419 2326 1574 2395 multum
1598 2337 1714 2395 terrae
1737 2327 1884 2418 im'pletd
1912 2328 2025 2410 fossa,
2072 2320 2280 2399 tunc'terra

232 2438 493 2531 Thuringicum
519 2451 571 2508 est
592 2438 755 2528 nigrum,
797 2438 989 2510 Misnicum
1015 2438 1164 2507 rubrum
1191 2447 1227 2504 et
1278 2439 1331 2496 est
1350 2429 1471 2498 densa·

232 2544 544 2636 pulverulentum,
571 2541 662 2612 sicut
676 2541 768 2611 circa
788 2540 970 2634 Lipsiam.
1012 2540 1137 2611 Prima
1160 2541 1225 2609 bo·
1380 2528 1442 2600 Vs.
1457 2530 1545 2605 232.
1571 2533 1760 2626 Aequalis]
1785 2531 1911 2616 idest,
1937 2535 2073 2604 calcato
2091 2532 2256 2627 pedibus.

231 2648 327 2718 nitas
343 2659 378 2715 et
392 2645 611 2737 praestantia
630 2658 683 2715 εει
695 2645 788 2738 nigri
811 2647 897 2729 soli,
931 2646 1086 2716 secunda
1110 2643 1225 2724 rubri,
1379 2630 1543 2705 Vsm
1576 2629 1679 2733 Uter]
1708 2635 1745 2704 id
1765 2648 1833 2719 est,
1861 2637 2010 2708 solum·
2070 2634 2282 2737 Nepotem]

230 2751 335 2821 tertia
356 2749 499 2818 candidi
515 2749 571 2818 vel
585 2748 723 2840 pallidi.
1277 2733 1401 2818 idest,
1427 2736 1457 2805 si
1475 2749 1568 2806 terra
1587 2738 1656 2806 erit
1673 2738 1834 2833 reliqua,
1863 2739 2009 2833 impleti
2024 2742 2133 2813 fossai.

333 2851 394 2923 Vs.
409 2850 499 2927 204.
532 2847 657 2947 Putre]
691 2850 728 2918 id
764 2863 833 2933 est,
874 2875 950 2919 non
982 2862 1108 2933 tenax,
1149 2874 1225 2919 non
1378 2837 1439 2909 Vs.
1456 2838 1544 2912 240.
1571 2844 1647 2911 Suu
1663 2835 1818 2936 uomina]
1844 2841 2041 2915 Frumento
2058 2858 2093 2916 et
2109 2844 2192 2912 vina
2212 2844 2279 2911 de-

229 2958 387 3039 lentum,
430 2956 492 3026 sed
518 2949 616 3048 qarod
639 2953 742 3021 facile
764 2952 935 3046 scindiet
955 2954 1072 3044 frangi
1095 2966 1224 3044 potest.
1276 2943 1503 3031 generantiss
1521 2942 1820 3037 aliafflspssclflffls
1849 2959 1889 3017 Ul
1912 2950 2058 3042 quando
2080 2941 2277 3021 serllishiss

231 3058 322 3128 Tale
356 3069 410 3126 est
441 3056 534 3125 circa
557 3053 828 3147 Wormatiam,
867 3058 965 3150 quod
992 3069 1224 3148 comparatur
1276 3043 1315 3112 in
1342 3068 1451 3114 arena
1483 3046 1661 3132 triticum,
1703 3060 1787 3118 tunc
1817 3051 1924 3121 tertio
1954 3076 2053 3125 anno
2082 3054 2124 3123 fit
2152 3050 2281 3122 robus.

162 3245 164 3250 λ
229 3159 520 3253 Longobardico.
572 3153 834 3250 Thuringicum
852 3170 905 3229 est
919 3159 1098 3244 tenacius,
1125 3162 1224 3255 quod
1275 3145 1433 3217 Efflsslffl
1478 3150 1623 3243 quassd⁰
1666 3150 1782 3224 seritis
1817 3154 1856 3222 in
1890 3150 2093 3248 Thuringia
2127 3156 2304 3238 rabum,

231 3286 373 3334 necesse
390 3273 442 3333 εει
460 3284 566 3355 saepe
582 3260 761 3354 confringi
775 3262 958 3354 cylindris.
1168 3346 1172 3351 .‚
1277 3252 1413 3324 tuncd.
1437 3276 1533 3323 anno
1557 3255 1598 3324 fit
1617 3253 1788 3326 triticum.
1846 3255 1899 3327 lta
1924 3259 2009 3330 vina
2029 3259 2070 3327 in
2093 3259 2168 3328 alio
2194 3259 2277 3329 solo

332 3364 392 3436 Vs.
408 3366 496 3439 206.
524 3367 704 3459 Plaustra]
729 3364 864 3437 scilicet
879 3365 918 3434 in
932 3389 1057 3438 messe.
1276 3355 1505 3446 degenerant·
1558 3356 1676 3427 Credo
1691 3357 1798 3427 etiam
1816 3359 1960 3451 ingenia
1982 3375 2018 3433 et
2032 3382 2185 3452 corpora
2203 3355 2279 3430 ho·

331 3467 496 3542 93307,
538 3464 841 3567 Devexttarmr]
874 3469 1023 3540 Novati,
1041 3469 1224 3554 esthama,
1275 3456 1415 3527 minum
1433 3460 1511 3529 aliis
1526 3459 1613 3531 locis
1630 3462 1867 3551 degenerare,
1900 3465 1992 3536 sicut
2014 3466 2070 3535 illa
2096 3486 2182 3556 pars
2196 3459 2275 3534 lta-

230 3575 479 3665 neugereudt,
533 3573 617 3668 quia
666 3575 782 3644 solum
832 3573 940 3643 etiam
981 3586 1080 3643 amat
1119 3598 1221 3644 snam
1276 3561 1366 3646 ¹5³0,
1407 3586 1499 3656 ‘1⁰³²
1523 3563 1655 3635 dieitur
1680 3563 1955 3657 L⁰⁰8⁰b³rdi³s
1992 3567 2096 3639 habel
2116 3566 2276 3638 mbuffl

231 3680 400 3773 quietem,
674 3745 676 3749 y
1277 3678 1312 3734 et
1328 3686 1476 3756 procera
1494 3688 1667 3761 corpora,
1700 3669 1783 3764 quia
1800 3669 2033 3763 Longobardi
2048 3667 2149 3743 haud
2165 3671 2282 3743 dubie

332 3777 395 3849 Vs,
408 3780 497 3851 212.
523 3783 615 3849 Nam
639 3783 756 3850 ieiuna
777 3772 929 3875 quidem]
963 3779 1062 3850 sicut
1087 3792 1140 3851 est
1162 3778 1225 3848 Vi.
1276 3781 1360 3839 sunt
1376 3769 1553 3852 Saxones,
1580 3783 1701 3840 tamen
1723 3797 1797 3843 non
1820 3788 1873 3845 est
1895 3776 1965 3846 tale
1991 3777 2104 3846 robur
2131 3788 2169 3845 et
2190 3800 2280 3867 pro·

232 3880 465 3971 tenbergense
494 3880 630 3963 solum,
674 3884 779 3950 sandt
802 3884 877 3950 und
901 3884 1030 3965 erden,
1077 3887 1223 3976 quando
1277 3872 1425 3956 ceritas,
1451 3874 1567 3966 qualis
1582 3873 1668 3943 olim
1686 3876 1764 3950 full.
1816 3877 2072 3971 Longobardla
2098 3880 2190 3949 olim
2209 3878 2279 3951 fuit

219 4001 364 4055 arenae
387 3996 439 4052 est
463 3981 663 4052 admixtum
688 3983 884 4073 pauxillum
902 3996 1032 4054 torae.
1082 3984 1130 4054 Et
1147 4011 1224 4056 are·
1277 3975 1370 4045 circa
1389 3976 1651 4072 Maaeburgam
1668 3992 1703 4048 et
1718 3980 1850 4065 Italas,
1877 3996 1943 4053 etc·

231 4111 319 4157 nosa
336 4100 432 4156 terra
448 4086 551 4154 facile
568 4086 713 4180 quidem
731 4086 881 4170 colitur,
907 4088 968 4156 sed
990 4111 1066 4156 non
1083 4101 1135 4158 est
1149 4091 1224 4160 foe·
1378 4078 1439 4151 Vs.
1457 4078 1544 4154 241.
1574 4083 1714 4175 Quotus]
1742 4087 1777 4154 id
1804 4099 1875 4171 est,
1910 4078 2104 4154 colathorii
2129 4083 2279 4172 calathi,

232 4192 362 4261 cunda.
466 4185 615 4289 Glarea]
644 4188 746 4259 Circa
765 4187 1004 4282 Bambergam
1030 4202 1066 4260 ει
1082 4188 1225 4262 Heidel-
1275 4207 1339 4253 seu
1353 4183 1489 4258 corbes.

230 4297 379 4388 bergam
398 4289 505 4360 etiam
524 4306 577 4365 est
592 4318 782 4363 arenosum
804 4292 934 4376 solum,
961 4294 1022 4364 sed
1039 4306 1160 4363 tamen
1174 4297 1225 4367 ibi
1379 4286 1439 4358 Vs·
1455 4292 1542 4366 249.
1569 4288 1732 4390 Fufiscif]
1749 4291 1783 4361 id
1801 4303 1872 4375 est,
1900 4303 2022 4362 manet
2038 4304 2173 4379 tenax,
2199 4319 2278 4365 non

233 4410 285 4468 est
298 4393 438 4467 felicior
458 4395 596 4487 glarea,
627 4422 737 4492 quam
752 4391 810 4465 hic
827 4396 919 4465 circa
934 4395 1202 4488 Vitenbergam.
1276 4389 1397 4461 statim
1415 4393 1605 4487 frangitur.

335 4495 396 4566 Vs.
420 4497 508 4568 213.
551 4496 691 4597 Casius]
734 4499 864 4570 Glarea
898 4512 949 4570 est
981 4513 1065 4592 apta
1096 4495 1224 4588 hortis,
1378 4493 1439 4566 Vs.
1463 4496 1550 4574 251.
1592 4498 1759 4590 Humida]
1792 4496 1830 4567 id
1861 4510 1933 4582 est,
1981 4496 2091 4570 nimis
2118 4494 2275 4569 humida

231 4601 323 4673 sicut
337 4598 541 4692 Bamberga
558 4615 592 4671 et
607 4603 841 4695 Heidelberga
859 4598 995 4673 habent
1017 4605 1224 4678 amoenissi.
1276 4597 1453 4685 luxuriat,
1493 4604 1607 4695 gignit
1636 4626 1785 4693 magnos
1819 4601 1975 4672 calamos
2000 4612 2035 4671 ει
2058 4626 2138 4672 non
2165 4605 2276 4698 plena

231 4729 311 4776 mos
331 4699 470 4773 hortos.
1276 4724 1408 4792 grana,
1433 4706 1525 4776 sicut
1540 4705 1646 4775 etiam
1668 4705 1706 4773 in
1733 4700 1891 4777 humidis
1914 4704 2016 4776 annis
2040 4718 2127 4776 sunt
2149 4704 2278 4801 magni

135 4846 142 4854 ·
246 4812 250 4816 ’
333 4805 395 4879 Vs.
411 4800 499 4879 214.
537 4807 687 4896 Topdus]
714 4807 751 4875 id
777 4821 848 4892 est,
882 4807 974 4901 lapis
997 4833 1224 4886 cavernosus.
1277 4805 1405 4874 calami
1422 4820 1457 4877 et
1471 4833 1599 4902 parum
1621 4831 1836 4900 granorum;
1871 4819 2016 4878 econtra
2033 4808 2072 4878 in
2087 4809 2195 4884 siccis
2211 4836 2279 4882 an·

234 4905 430 5007 chelydris]
458 4908 495 4977 id
521 4921 594 4993 est,
620 4910 855 5000 serpentibus.
1276 4910 1332 4979 nis
1348 4931 1478 5000 parum
1495 4911 1694 4982 culmorum
1711 4924 1746 4982 et
1761 4919 1911 4984 multum
1930 4936 2144 5004 granorum.

335 5013 397 5085 Vs.
416 5009 503 5086 215.
532 5007 654 5110 Orda]
682 5012 717 5081 id
743 5025 816 5096 est,
850 5012 955 5084 Creta
976 5027 1012 5084 et
1033 5015 1111 5086 loca
1138 5042 1224 5089 con·
1380 5011 1440 5085 Vs.
1463 5010 1550 5088 257.
1594 5019 1731 5104 Pioeae]
1765 5014 1820 5086 Ex
1853 4992 2057 5087 arbonam?
2069 5018 2167 5089 fiunt
2190 5041 2277 5088 con·

231 5119 372 5207 fragosa
390 5140 464 5184 non
481 5130 565 5185 sunt
581 5129 685 5207 aptae
712 5116 892 5199 culturae,
926 5120 987 5187 sed
1008 5119 1113 5189 alunt
1131 5123 1223 5193 mul·-
1275 5114 1451 5200 iecturae,
1477 5140 1569 5212 quae
1584 5127 1700 5188 terrae
1716 5119 1787 5190 sint
1802 5119 1931 5189 bonae.

232 5232 288 5290 tos
304 5219 499 5311 serpentes.
1378 5219 1439 5294 Vs.
1455 5218 1543 5296 259.
1576 5226 1645 5294 nte
1662 5211 1928 5320 animadversis]
1956 5220 2138 5296 Octavum
2165 5236 2276 5318 caput

335 5319 396 5392 Vs.
411 5320 499 5394 217.
524 5323 680 5394 Exhalat
701 5316 876 5422 nebulam]
904 5321 1107 5397 Conclusio.
1130 5379 1133 5384 -
1158 5326 1221 5399 ttta
1277 5323 1321 5393 de
1336 5324 1505 5395 fodienda
1528 5324 1645 5400 vinea.

234 5438 285 5498 est
306 5425 465 5520 optima,
500 5450 592 5520 quae
614 5438 666 5496 est
684 5422 847 5517 pinguis,
874 5420 1078 5514 halituosa,
1098 5430 1222 5504 dulcis.
1366 5426 1438 5528 χιἐ.
1455 5430 1543 5503 261.
1568 5429 1773 5522 Supiuatas]
1799 5427 1834 5498 id
1852 5438 1923 5516 εει,
1949 5453 2153 5505 conversas.
