4666 5902
123 124 207 202 556

265 283 559 386 Ascalaphus
586 291 630 360 in
656 279 970 394 bubonem-⁸¹).

226 427 416 524 Ascalaphi
432 429 523 501 sicut
544 439 586 515 ct*
601 428 701 496 corvi
725 425 887 517 exemplo
909 442 1113 498 monemur,

125 564 171 610 ne
205 537 293 632 quid
321 547 456 604 temere
480 530 699 612 indicemus,
740 552 812 623 quo
837 527 1027 597 subeamus
1051 533 1113 589 aut

125 640 248 712 odium
267 649 329 707 ant
351 658 520 728 poenam.
571 630 646 702 Nec
670 631 747 701 sine
769 651 874 699 causa
893 618 1114 716 Ascalaphus

124 738 453 835 importunissimus
477 735 604 813 index,
638 733 786 822 fingitur
809 740 967 800 mutatus
990 728 1029 794 in
1049 727 1129 794 bu:

123 849 276 921 honem;
304 855 355 911 est
379 840 475 909 enim
500 835 598 905 bubo
620 834 727 903 index
751 833 904 902 maxime
928 827 1113 898 abomina-

1 1023 2 1027 ,
124 962 201 1030 tus,
241 945 302 1039 qui
336 967 417 1013 cum
450 936 618 1007 domibus
652 937 801 1016 insidet,
839 934 959 1003 feralis
985 930 1113 1001 existit.

124 1050 233 1119 Tales
247 1040 438 1135 Ascalaphi
454 1051 538 1111 sunt
553 1039 750 1120 delatores,
778 1036 840 1130 qui
857 1037 894 1104 in
911 1035 1000 1104 aulis
1015 1032 1129 1125 prin-¹

125 1154 245 1245 cipum
263 1148 418 1217 existunt
434 1141 568 1211 iudices
587 1140 707 1211 multis
724 1139 893 1239 exitiales.

368 1316 552 1384 Sirenes
581 1313 626 1382 in
655 1322 868 1379 monstra.

177 1448 347 1524 vestae
362 1476 416 1543 sq.
450 1452 556 1533 vodis,
584 1450 798 1529 Acheloides,
821 1448 909 1514 unde

110 1642 112 1648 s
178 1558 300 1626 Pluma
325 1557 487 1645 pedesque
510 1557 642 1632 onium,
675 1573 750 1618 cum
784 1550 931 1636 virginis
959 1568 1021 1612 ora
1053 1565 1114 1631 qe·

535 1649 649 1724 ναίἱεὲ

227 1776 369 1847 Sirenes
384 1779 531 1844 fuerunt
544 1769 909 1862 reginaeinsularum,
925 1761 1114 1859 quaePae-

128 1891 231 1950 stano
249 1890 283 1947 et
297 1878 525 1948 salernitano
541 1873 636 1946 slnui
652 1874 836 1968 adiacent,
851 1878 1114 1959 tenueruntque

126 1985 204 2052 loca
222 1979 461 2073 Campaniae,
485 1979 524 2046 in
541 1977 669 2071 quibus
685 1972 875 2065 Neapolis,
901 1972 1113 2041 Surrentum

128 2110 209 2156 cum
224 2082 478 2176 promontorio
494 2080 696 2150 Minervae:
724 2075 819 2145 unde
834 2087 869 2143 et
884 2098 922 2143 ea
939 2074 1039 2153 loca,
1061 2070 1115 2139 Si-

126 2212 255 2258 renum
273 2183 411 2278 scopuli
427 2183 689 2266 nominantur„
725 2177 790 2248 His
807 2175 1037 2267 regnantibus
1057 2196 1115 2241 ex·

127 2290 233 2360 citata
251 2300 334 2359 sunt
349 2287 552 2356 litterarum
574 2283 691 2354 studia
715 2282 754 2348 in
776 2277 1029 2373 promontorio
1045 2273 1115 2342 Mi·

127 2415 282 2476 nervae,
300 2401 459 2460 extructo
478 2388 550 2457 illic
561 2383 771 2465 Athenaeo,
786 2379 855 2452 hoc
873 2395 944 2465 est,
967 2401 1115 2473 gymna-

128 2485 212 2576 sio,
236 2517 346 2588 aquo
361 2490 653 2585 promontorium
677 2488 786 2570 illud,
820 2485 1006 2554 Minervae
1029 2479 1115 2550 dici-

128 2610 216 2673 tur,'
248 2596 338 2665 Erat
353 2594 448 2664 enim
464 2590 688 2663 Athenaeum
703 2591 802 2660 locus
817 2588 1004 2657 Minervae
1021 2583 1116 2652 dica-

83 2728 85 2732 ·
127 2713 204 2782 tus,
235 2700 297 2769 ubi
312 2698 452 2792 publice
468 2697 689 2767 docebantur
705 2705 797 2761 artes
819 2689 1004 2768 liberales,
1038 2685 1116 2779 qui-

127 2805 196 2872 hus
209 2825 372 2894 praeesse
389 2801 448 2868 illa
462 2798 669 2889 putabatur.
720 2790 760 2861 ld
778 2815 864 2859 vero
890 2788 1113 2882 gymnasium

128 2905 198 2973 luit
225 2907 315 2970 adeo
347 2900 502 2979 celebre,
543 2909 583 2967 ut
606 2893 831 2988 eloquentiae
858 2905 892 2960 et
914 2892 1115 2960 litterarum

14 3075 18 3079 ,
128 3004 268 3087 studia,
302 3026 394 3098 quae
416 3003 465 3070 ibi
485 2999 705 3080 floruerunt,
741 2995 905 3065 dederint
926 2995 1044 3064 locum
1064 2993 1116 3058 la-

129 3106 236 3176 hulae
251 3107 294 3174 de
312 3104 487 3175 suavitate
503 3102 599 3171 vocis
619 3113 653 3169 et
677 3112 785 3170 cantu
800 3097 986 3179 Sirenum,
1019 3095 1117 3187 quod

130 3197 237 3277 etiam
249 3207 429 3278 Homerus
446 3206 622 3286 declarat,
649 3229 729 3273 cum
752 3202 813 3270 illa
839 3201 915 3291 ipsa
933 3197 1117 3269 Sirenibus

130 3310 313 3394 attribuit,
341 3333 431 3403 quae
451 3310 534 3379 sunt
549 3305 755 3390 Musarum,
783 3303 948 3372 videlicet
968 3311 1003 3370 et
1023 3299 1118 3394 peri-

131 3413 219 3481 tiam
242 3412 414 3495 canendi,
457 3408 526 3480 hoc
549 3420 620 3492 est,
653 3406 916 3503 eloquentiam,
951 3417 985 3473 et
1007 3401 1118 3474 histo·

39 3592 43 3597 ,
131 3515 290 3594 riarum,
310 3538 503 3608 rerumque
517 3513 735 3582 naturalium
753 3508 1007 3600 cognitionem.
1060 3505 1117 3574 Sic

131 3619 229 3686 enim
258 3620 302 3684 de
329 3643 365 3686 se
396 3617 596 3706 gloriantur
625 3617 720 3705 apud
744 3613 943 3681 Homerum
965 3610 1120 3690 Sirenes,

133 3717 348 3793 duodecimo
379 3717 559 3810 Odysseae
579 3714 646 3806 89),
688 3716 895 3807 prolitentes
934 3711 1119 3784 scientiam

91 3864 93 3869 <
132 3819 317 3916 omnium,
360 3844 452 3914 quae
484 3820 521 3887 in
553 3831 647 3886 terra
674 3819 784 3900 hunt,
816 3829 989 3908 geruntur
1013 3827 1047 3884 et
1068 3813 1121 3904 gi-

92 3956 96 3961 ,
133 3936 310 4012 guantur:
398 4008 402 4015 ι
1070 3986 1073 4004 ,
1107 4010 1110 4014 ¹

189 4041 245 4115 Οὐ
264 4037 338 4141 γάρ
356 4035 416 4139 πώ
429 4067 484 4122 τις
499 4036 588 4134 τῇδε
602 4033 790 4133 παρήλασε
806 4036 870 4132 νηῒ
881 4031 1066 4130 patalen„
1124 4089 1127 4093 «

185 4139 274 4239 πρίν
308 4143 340 4243 y'
365 4142 491 4237 ἡμέων
519 4138 725 4240 μελίγηρυν
745 4137 824 4213 ἀπὸ
844 4131 1043 4231 στομάτων
1065 4133 1129 4246 ὄπ’,

551 4243 730 4318 ἀκοῦσαι·
1027 4314 1029 4320 ,

188 4345 262 4417 ἀλλ’
281 4344 345 4444 ὅγε
360 4342 592 4442 τερψάμενος
608 4349 744 4438 νεῖται,
759 4340 823 4417 καὶ
835 4339 989 4426 πλείονα
1006 4338 1123 4424 εἰδώς.

186 4443 296 4539 ἴδμεν
317 4443 461 4543 γάρτοι
476 4444 605 4534 πάνθ’,
634 4445 685 4519 b'o'
704 4445 760 4524 ε’νὶ
776 4442 889 4540 Τροίῃ
902 4441 1024 4538 εὐρείῃ
1044 4508 1048 4519 ,
1096 4518 1099 4524 Δ

183 4549 341 4647 Ἀργεῖαι
358 4550 479 4642 Τρῶές
492 4577 530 4620 re
546 4551 649 4624 θεῶν
662 4547 781 4644 ἰότητι
795 4542 988 4644 μόγησαν·
1063 4612 1067 4620 .

160 4648 297 4752 11ἴδμεν
319 4647 369 4734 d⁰‚
411 4647 505 4723 ὅσσα
533 4649 683 4749 γένηται
713 4649 772 4724 ἐπὶ
798 4646 916 4743 χθονὶ
938 4648 1126 4745 πουλυβο-

552 4748 665 4846 τείρῃ.
956 4752 957 4755 '
1102 4746 1106 4756 .,

135 4874 189 4943 Ac
210 4876 393 4963 linguntur
422 4872 564 4943 Sirenes
585 4874 679 4940 filiae
704 4872 883 4965 Calliopes
907 4885 942 4941 et
963 4866 1126 4953 Acheloi,

136 4987 286 5067 propter
303 4979 522 5068 professores
535 4975 739 5047 litterarum
756 4975 943 5048 accersitos
957 4998 1001 5045 ex
1016 4975 1124 5059 Aeto-

96 5151 99 5154 '
137 5145 346 5163 m

162 5242 317 5316 ¹suone
335 5245 400 5295 net.
419 5243 462 5307 v,
479 5242 532 5292 sss
549 5266 583 5277 -
596 5227 674 5310 sao.
701 5215 722 5311 J

170 5326 681 5393 sernum.oa.xn,1er-1sr.
776 5368 779 5374 .
865 5360 875 5378 s

710 117 833 194 rma.
860 114 973 187 urs.
999 106 1202 208 soulers
1219 85 1564 181 ‘rusonoorca
1604 58 1606 62 ’

1164 281 1210 349 lia
1236 292 1271 348 et
1287 277 1509 360 Acarnania,
1545 301 1654 371 quam
1671 275 1865 359 Achelous,
1901 274 2144 346 celeberrimus

1164 382 1336 452 Graeciae
1350 380 1497 461 fluvius,
1523 393 1683 471 separat:
1701 381 1854 472 perinde
1870 392 1910 449 ut
1934 378 1966 448 si
1988 376 2072 470 qais
2085 379 2147 446 lin·

1164 496 1225 575 gat
1246 483 1368 556 Musas
1385 482 1691 572 Regiomontanas
1713 508 1788 554 esse
1809 480 2097 570 bliasCalliopes
2113 490 2157 574 'eta

1164 585 1283 667 Athis,
1309 597 1459 674 propter
1476 585 1624 655 lectores
1639 581 1709 655 huc
1731 597 1876 655 vocatos
1900 595 1945 652 'ex
1959 583 2147 653 Academia

1165 686 1411 775 Vitebergeusi
1425 688 1472 756 ad
1486 686 1607 757 Albim
1624 687 1705 756 sita.
1755 690 1804 758 At
1821 697 2015 777 postquam
2040 683 2153 758 bonae.

1166 804 1260 861 artes
1276 788 1537 858 illicexcitatae
1553 801 1655 869 sunt,
1682 801 1716 856 et
1729 800 1867 860 summo
1892 810 1975 856 cum
1999 787 2142 856 admira
2219 785 2220 789 ’

1164 892 1263 963 tione
1278 887 1468 965 hominum
1484 890 1734 972 effloruerunt,
1761 889 1951 980 posteritas
1968 888 2031 981 (ut
2045 889 2097 981 fit)
2110 888 2143 958 il·
2220 980 2221 984 ρ

1165 995 1208 1064 lis
1222 995 1332 1065 abusa
1351 1005 1403 1062 est
1418 995 1465 1061 ad
1489 993 1680 1074 iniuriam,
1706 991 1983 1072 contumeliam,
2018 1003 2056 1059 et
2076 1015 2146 1082 per·

1165 1096 1296 1164 niciem
1312 1094 1540 1185 reipublicae.
1590 1097 1648 1166 Ad
1657 1091 1745 1163 baec
1761 1095 2025 1175 adolescentes,
2051 1117 2147 1167 causa

1111 1272 1113 1276 ,
1165 1199 1367 1268 studiorum
1383 1220 1426 1266 eo
1441 1197 1560 1280 missi,
1593 1199 1754 1267 fecerunt
1776 1197 1950 1266 iacturam
1979 1196 2145 1285 patrinos

1166 1299 1238 1383 nii,
1278 1299 1404 1369 scortis
1434 1300 1583 1370 addicti:
1624 1300 1719 1372 unde
1750 1300 1846 1390 apud
1877 1310 2023 1367 exteros
2047 1293 2144 1367 Athe·

1165 1427 1295 1472 naeum
1325 1401 1411 1470 illud
1444 1404 1563 1494 coepit
1591 1402 1684 1470 male
1711 1401 1855 1482 audire,
1899 1401 2147 1493 emanavitque
2236 1486 2237 1489 Ἴ

1167 1505 1288 1573 fabula
1305 1507 1348 1571 de
1363 1503 1547 1574 Sirenibus
1563 1504 1601 1572 in
1618 1517 1777 1573 monstra
1793 1502 1963 1584 mutatis,
1989 1527 2012 1569 a
2028 1503 2150 1597 quibus
2238 1500 2247 1586 s

1167 1608 1392 1686 accedentes,
1419 1606 1458 1672 in
1476 1606 1661 1696 naufragia
1677 1604 1746 1698 θ’),
1773 1603 1840 1674 hoc
1857 1615 1930 1686 est,
1963 1608 2149 1695 egestatem
2260 1665 2261 1668 ,

1165 1710 1224 1780 vel
1244 1707 1439 1799 perniciem
1460 1705 1736 1779 attraherentur.
1803 1707 1907 1776 llanc
1933 1705 1982 1774 ob
2015 1728 2151 1779 cauum
2273 1784 2276 1794 ,

1165 1811 1263 1903 ipsae
1279 1810 1420 1879 Sirenes
1440 1834 1536 1880 nunc
1552 1813 1782 1902 ,accipiuntur
1804 1824 1872 1901 pro
1894 1807 2070 1880 illecebris
2090 1834 2148 1878 vo-

1166 1915 1364 2004 luptatum,
1391 1936 1483 2005 quae
1499 1926 1604 1994 antea
1617 1938 1684 2005 pro
1703 1911 1815 2001 Musis
1830 1907 2075 1982 habebantur:
2091 1935 2147 1981 ea·

1166 2039 1318 2110 rumque
1334 2015 1469 2092 musica
1485 2016 1658 2109 accipitur
1683 2039 1748 2107 pro
1773 1996 1984 2109 eloquentia
2009 2039 2080 2085 non
2105 2017 2151 2083 ad

1165 2118 1457 2210 permulcendos,
1482 2120 1560 2208 {sed
1590 2118 1791 2210 perdendos
1817 2113 1987 2192 homines
2015 2140 2152 2209 compa·

1165 2233 1263 2289 rata:
1298 2221 1441 2313 qualem
1462 2218 1647 2293 Aeschinis
1678 2220 1921 2313 eloquentiam
1944 2215 2153 2291 Demosthe·

1165 2346 1230 2393 nes
1245 2347 1320 2392 esse
1338 2321 1438 2391 dixit.
1521 2382 1523 2385 ,

1268 2425 1385 2493 Porro
1401 2425 1491 2494 sicut
1504 2423 1640 2518 Ulyssis
1654 2422 1743 2493 socii
1757 2424 1902 2493 Sirenas
1919 2425 2154 2514 praetervecti

1166 2530 1249 2597 suut
1264 2526 1454 2597 obstructis
1471 2527 1635 2603 auribus.
1651 2551 1698 2595 ne
1714 2526 1855 2598 blandis
1867 2531 1909 2595 ‘et'
1923 2528 2061 2598 dolosis
2078 2550 2156 2596 can-

1167 2629 1261 2699 tibus
1291 2629 1510 2698 illicerentur
1540 2630 1578 2697 in
1602 2630 1846 2720 naufragium:
1889 2628 1941 2697 ita
1965 2654 2036 2700 nos
2060 2632 2155 2698 decet

1167 2732 1327 2800 aversari
1341 2743 1385 2798 et
1400 2731 1522 2821 fugere
1545 2732 1766 2824 voluptates,
1799 2756 1865 2801 nec
1890 2734 2067 2822 praebere
2090 2731 2154 2800 illis

1167 2856 1290 2916 aures,
1316 2832 1378 2925 qui
1394 2834 1585 2904 dulcedine
1597 2835 1772 2904 orationis
1793 2835 2077 2930 corruptelaque
2098 2836 2153 2902 de-

1167 2948 1321 3026 pravant
1336 2936 1535 3005 doctrinam
1553 2937 1744 3029 religionis.

1326 3104 1387 3173 De
1414 3103 1588 3199 Alpheo
1613 3120 1655 3176 et
1677 3103 1910 3178 Arethusa
1937 3108 2006 3202 ³¹).

1271 3239 1406 3329 Opinio
1434 3253 1486 3310 est
1506 3237 1876 3332 Alpheumfluvium,
1908 3243 1972 3336 qui
1996 3243 2034 3311 in
2055 3243 2153 3312 Pelo·
2248 3280 2278 3292 ·

1170 3341 1386 3434 ponnesiaco
1415 3342 1551 3411 littore¹
1569 3344 1799 3426 absorbetur,
1833 3346 1899 3415 sub
1931 3341 2024 3414 mari
2051 3368 2151 3435 pene·
2247 3382 2278 3395 -

1170 3457 1265 3513 trare
1295 3444 1334 3510 in
1353 3443 1532 3528 Siciliam,
1566 3457 1601 3514 et
1631 3460 1714 3515 aute
1745 3473 1785 3517 os
1816 3442 2018 3518 Arethusae
2046 3445 2148 3516 sontis
2250 3472 2276 3507 ο·

1171 3567 1350 3637 emergere
1366 3548 1464 3616 iuxta
1481 3548 1689 3640 Syracusas:
1710 3551 1809 3620 cuius
1824 3551 1877 3618 rei
1890 3552 1965 3620 sive
1981 3552 2151 3619 coniectu·
2223 3585 2279 3600 ‹-

1171 3674 1264 3733 ram,
1290 3648 1364 3718 sive
1379 3650 1580 3734 veritatem,
1605 3665 1732 3742 poetae
1748 3664 1788 3721 ut
1804 3653 2040 3735 celebrarent,
2059 3654 2155 3722 faba·
2194 3688 2281 3702 —·

1171 3753 1236 3820 lati
1260 3744 1543 3847 suntAlpheum
1570 3778 1693 3823 amore
1723 3748 1840 3844 ipsius‘
1854 3752 2055 3826 Arethusae
2085 3769 2154 3824 tam
2190 3775 2276 3819 ,τι

1172 3857 1282 3945 longo
1299 3866 1418 3926 tractu
1435 3856 1501 3928 suh
1524 3856 1618 3924 mari
1642 3881 1782 3928 cursum
1806 3881 1922 3948 agere.
1974 3856 2041 3929 Est
2063 3860 2154 3927 euim
2173 3878 2272 3922 n

1162 3952 1353 4029 ‘Arethusa
1369 3959 1451 4030 lons
1467 3959 1576 4029 totius
1591 3959 1730 4028 Siciliae
1748 3960 2008 4034 ‚celeberrimus
2030 3975 2066 4031 et
2086 3985 2154 4030 am.
2165 3995 2269 4011 --

1174 4060 1373 4154 plissimus‚
1406 4064 1452 4130 ad
1473 4062 1573 4131 cuius
1595 4086 1634 4131 os
1655 4062 1730 4153 ipse
1748 4058 1910 4153 Alpheus
1932 4065 2039 4158 quasi
2061 4064 2263 4134 volu-⁶·

1175 4176 1272 4256 ptate
1287 4162 1440 4255 gestiens
1456 4177 1491 4233 et
1505 4164 1666 4235 exultans
1688 4189 1707 4232 e
1731 4164 1896 4237 fientibus
1915 4168 2029 4237 maris
2049 4189 2260 4237 emer-0·

1176 4266 1227 4358 git
1252 4279 1353 4335 tanto
1384 4267 1541 4358 impetu,
1583 4267 1640 4334 vix
1670 4278 1710 4335 ut
1741 4269 1878 4360 cymbis
1909 4270 2006 4337 adiri
2041 4269 2208 4362 possit.-
2223 4282 2261 4324 L·

1171 4369 1250 4463 ‚Qui
1264 4393 1349 4440 vero
1366 4369 1561 4461 opinantur
1575 4368 1675 4436 illum
1693 4393 1735 4439 ex
1752 4370 1878 4441 Helide
1902 4395 1945 4442 eo
1968 4395 2083 4468 usque
2102 4395 2262 4463 pe--r‘

1176 4486 1341 4555 netrare,
1367 4468 1435 4541 hac
1451 4472 1653 4541 coniectura
1671 4474 1768 4542 ducti
1786 4486 1886 4555 sunt,
1913 4498 2047 4568 nempe
2066 4460 2264 4568 quubl

1178 4588 1270 4645 stato
1295 4588 1476 4665 tempore,
1509 4599 1588 4643 cum
1608 4572 1778 4668 Olympia
1798 4566 2098 4662 celebrabantur,
2128 4569 2268 4645 ,321

1177 4678 1405 4778 victimarum
1420 4679 1542 4762 sordes
1558 4677 1752 4746 inamnem
1777 4679 2081 4770 proiiciebantur,
2104 4659 2272 4752 Alli·

1178 4777 1291 4873 pheus
1312 4781 1350 4848 in
1372 4779 1494 4849 littore
1511 4780 1630 4849 Siculo
1652 4781 1788 4850 solebat
1810 4781 1893 4849 lieri·
1910 4784 2098 4863 turbidus,
2129 4766 2279 4850 ec!et

1177 4878 1374 4979 Arethusae
1389 4878 1472 4978 ¹sons¹
1487 4884 1648 4952 redolere
1664 4885 1806 4962 bmum;
1833 4884 1894 4955 sed
1910 4883 2044 4957 Strabo
2060 4897 2159 4979 negat
2181 4880 2239 4941 5
2253 4865 2284 4922 ¹¹

1170 4982 1266 5055 haec
1284 4976 1356 5070 esse
1375 4977 1479 5069 sera,
1507 4987 1670 5081 queraris
1685 4983 1835 5056 Timaeo
1859 4982 2161 5082 philosopho,·et
2193 4963 2290 5040 25²¹

1181 5145 1387 5162 *Ἥ
1251 5126 1257 5169 Ἰ,
1442 5136 1451 5150 ⁴
1488 5151 1490 5161 l
1548 5152 1549 5159 t

1211 5238 1261 5298 aa)
1280 5238 1440 5307 muana]
1460 5239 1502 5307 aa
1519 5240 1604 5317 ruet.
1624 5237 1715 5305 asam
1734 5239 1783 5292 ra.
1802 5238 1880 5293 ross.
1899 5242 1989 5295 aare:
2011 5242 2163 5307 rasuram.
2229 5248 2254 5264 ‘
2266 5207 2298 5243 ⁴·

1101 5312 1649 5392 ‚mmmmwmm
