4666 5902
233 224 309 304 488
808 218 931 294 erm.
967 219 1080 294 nat.
1113 219 1318 296 scalada
1351 219 1688 298 emotoctcn
2193 223 2271 299 464

236 423 337 473 snam
352 395 468 465 reddit
493 394 792 465 verisimiliorem.
897 392 958 464 Vs.
974 394 1036 464 81.
1067 397 1119 464 tte
1135 401 1228 480 poter
1277 395 1351 463 aaa
1370 391 1434 460 tete
1454 382 2051 486 incipitisffiempssu'rn'ffloria‘ef'
2104 385 2168 459 νε.
2185 385 2274 462 455.

235 495 404 595 aman]
444 498 643 568 Amaiore
674 499 718 567 de
748 522 812 569 suo
847 497 977 565 ollicio.
1081 493 1143 563 Vs.
1165 490 1226 564 85.
1277 496 1392 565 stare
1422 487 1557 589 pronti]
1614 486 1770 561 Pulchra
1811 492 2012 562 ferocientis
2062 491 2275 583 descriptio.

235 595 369 677 mat
385 607 528 692 ipnarue
545 600 626 692 etc]
653 597 789 670 lrrisio.
874 597 936 668 Vs.
953 595 1014 668 87.
1042 598 1132 681 (laid
1140 620 1226 685 pra·
1252 609 1254 664 ῑ
1277 593 1356 666 νεε.
1374 592 1448 665 468
1467 619 1545 688 sqq.
1572 599 1631 664 sat
1642 593 1774 683 samana
1790 589 1876 691 etc]
1896 592 2103 664 Coulutatio
2120 617 2275 681 precum

233 700 364 800 eidam]
399 702 569 774 inversio.
670 700 731 772 νε.
750 700 812 773 89.
850 693 1046 773 &namuri
1078 693 1158 793 noe]
1192 696 1226 765 tt
1250 667 1255 766 l
1278 698 1328 767 ab.
1348 697 1523 787 exemplo.
1641 695 1702 765 Vs.
1726 695 1814 771 492.
1845 699 1977 791 quaten
2000 691 2145 794 mene]
2180 719 2275 791 oap-

177 794 181 799 ’
234 831 338 878 causa
354 804 550 897 superioris
566 804 651 873 hclli
667 803 820 873 Troiani
844 803 1036 872 verisimile
1049 801 1143 871 ¹facit
1155 798 1225 867 Vc-
1276 792 1431 892 κασμός.
1548 797 1609 868 νε.
1634 796 1721 870 497.
1754 795 1887 896 nesae]
1905 799 2133 882 Danaidum,
2175 827 2273 894 quae

232 932 356 980 nerem
378 909 486 976 etiam
503 903 610 976 huius
624 907 708 976 belli
724 930 798 976 esse
815 918 991 974 autorem.
1057 901 1118 972 νε.
1139 903 1223 972 101.
1277 899 1486 990 iugularunt
1515 903 1676 973 maritos.
1794 901 1855 972 νε.
1877 898 1970 973 501.
2004 906 2133 972 Nescia
2157 900 2268 1002 une]

231 1005 380 1106 silescit]
419 1008 608 1080 Silentium
638 1009 808 1102 loquente
835 1004 929 1076 love.
1046 1004 1108 1074 νε.
1139 1001 1223 1075 104.
1275 1000 1527 1084 Exclamatio,
1577 1027 1624 1072 ue
1663 1002 1744 1097 quis
1776 1007 1939 1076 secundis
1972 1005 2078 1081 rebus
2112 1005 2270 1078 infletur.

231 1117 385 1202 Accepta
398 1106 495 1208 erpo]
521 1110 695 1180 Attentio.
785 1109 847 1178 Vs.
867 1109 951 1179 107.
978 1110 1071 1192 θυαε
1086 1099 1222 1201 cuique]
1275 1104 1336 1176 νε.
1350 1101 1437 1176 507.
1461 1100 1617 1202 Odolor]
1643 1104 1880 1179 Exclamatio.
1943 1105 2005 1179 νε.
2021 1102 2111 1179 518.
2138 1112 2272 1181 Μεί-

232 1213 368 1307 lupiter
395 1215 481 1283 dicit
504 1238 540 1283 sc
564 1213 654 1282 nulli
671 1213 765 1304 parti
783 1213 1032 1300 profuturum,
1065 1210 1224 1280 ocellatis
1275 1203 1512 1304 tnaqaaeqtee]
1535 1201 2040 1301 tinortiuwmcpulchcrrima.
2101 1207 2166 1282 νε.
2181 1207 2273 1286 516.

234 1317 509 1387 commissurum
529 1316 676 1385 exitum.
777 1313 837 1384 νε.
851 1314 937 1384 118.
963 1306 1097 1408 Styqtt]
1123 1311 1223 1380 Allu-
1277 1312 1400 1381 (luania
1427 1305 1527 1406 eant]
1567 1304 1707 1391 πάθος.
1835 1312 1896 1384 νε.
1919 1309 2006 1384 517.
2051 1317 2150 1384 tane
2167 1319 2271 1401 adiit,

234 1419 289 1488 dit
303 1421 347 1488 ael
362 1432 529 1487 naturam
545 1417 674 1509 Stygis.
777 1415 855 1485 Vss.
874 1412 948 1489 182
961 1440 1041 1508 sqq.
1072 1418 1149 1503 lpse
1166 1417 1223 1484 in·
1274 1408 1499 1509 dextraeque]
1526 1412 1664 1483 Alludit
1687 1414 1732 1481 ad
1756 1415 1912 1505 priscum
1936 1439 2094 1495 morem3
2132 1417 2272 1488 nolebat

233 1533 289 1595 ter
309 1523 435 1592 medios
457 1514 540 1616 etc.]
573 1518 712 1590 Retulit
723 1517 771 1614 ⁸¹)
791 1521 837 1587 ad
862 1516 993 1587 lulium
1018 1515 1222 1601 Caesarem,
1275 1515 1370 1583 enim
1390 1516 1487 1584 litari
1504 1514 1726 1606 principibus
1742 1519 1910 1608 iugulatis
1932 1519 2071 1612 aliquot
2091 1511 2274 1594 hostibus.

233 1625 297 1718 qni
312 1623 503 1716 aliquoties
519 1624 618 1691 nudo
634 1621 750 1712 capite
775 1620 875 1710 signa
904 1644 984 1688 cum
1008 1614 1110 1688 hoste
1133 1642 1223 1687 con·
1273 1614 1335 1687 νε.
1353 1611 1442 1688 546.
1467 1621 1513 1688 ΕΙ
1528 1627 1633 1689 caan
1648 1615 1776 1717 clypei]
1801 1613 2051 1702 damelaomc.
2105 1619 2170 1695 νε,
2181 1618 2273 1698 553,

232 1726 327 1797 tulit.
425 1725 503 1796 νεε.
522 1721 595 1795 149
608 1749 686 1817 sqq.
712 1725 837 1812 Bepem
851 1715 1024 1816 adiecto]
1050 1719 1222 1791 Reditad
1274 1722 1454 1803 Meam,
1495 1716 1686 1818 clypeique]
1719 1715 1970 1804 ὑποτύπωσιε.
2086 1723 2154 1796 νε.
2178 1722 2266 1798 564.

232 1823 423 1899 historiam
451 1830 495 1896 de
525 1821 753 1907 Tarchonte,
794 1849 902 1918 quam
936 1846 1050 1914 paene
1081 1823 1134 1908 in³
1151 1824 1221 1892 line
1273 1826 1391 1893 tacitis
1418 1848 1451 1894 r.
1478 1818 1649 1920 Amyetta]
1688 1827 1794 1896 Unde
1826 1824 2058 1916 proverbium
2092 1839 2273 1900 tractum:

234 1928 352 1998 octavi
366 1927 450 1998 libri
471 1929 678 2022 reliquerat.
782 1926 843 1996 νε.
860 1922 945 1997 159.
970 1929 1039 1996 Ηίο
1061 1921 1220 2023 mnae]
1273 1924 1440 2016 Amyclas
1465 1925 1647 1995 silentium
1675 1927 1842 2020 perdidit.
1954 1927 2016 1998 νε.
2038 1926 2128 2000 585.
2160 1936 2269 2002 De'eta

232 2031 355 2121 Fingit
368 2054 448 2100 euru
467 2031 727 2100 consultantem
742 2030 787 2098 de
801 2031 908 2099 rebus
921 2028 1006 2100 suis.
1061 2026 1220 2100 νε.168.
1271 2022 1394 2123 parat]
1421 2026 1514 2096 Vera
1532 2029 1707 2099 fortitudo
1729 2054 1847 2124 neque
1870 2030 2043 2102 maledica
2070 2045 2124 2104 est
2146 2048 2265 2126 neque

233 2137 380 2205 Pandite
401 2127 508 2229 nune]
542 2130 739 2201 Invocatio.
842 2130 903 2201 Vs.
929 2129 1014 2201 166.
1047 2133 1222 2202 Marsicae
1274 2130 1407 2199 minax.
1515 2128 1576 2201 νε.
1598 2128 1686 2206 592.
1721 2140 1873 2224 Lampe,
1918 2135 2013 2206 nulla
2044 2130 2134 2232 etc]
2173 2157 2270 2229 oap-

231 2231 370 2331 aerata]
404 2237 595 2323 Catalogus
623 2236 773 2315 ducum,
814 2234 878 2326 qui
905 2234 1065 2303 Aeneam
1097 2232 1221 2303 secuti.
1272 2227 1427 2324 κασμός.
1530 2230 1591 2303 νε.
1608 2233 1695 2306 616.
1730 2243 1776 2307 Et
1797 2231 1941 2333 Dauno]
1966 2237 2171 2307 Potentialc
2191 2234 2268 2310 etd-

231 2338 295 2409 Vs.
314 2338 399 2409 199.
425 2341 598 2410 fatidicae
613 2330 776 2432 Mantus]
803 2335 929 2404 Manto
945 2336 1018 2404 lilia
1035 2333 1221 2404 iuit'l'ire·
1273 2332 1356 2413 θος.
1415 2333 1569 2406 νε.618.
1593 2333 1870 2434 llletamen]Ah
1886 2335 2051 2409 honesto.
2109 2339 2273 2412 νε.619.

231 2441 305 2512 siae
323 2443 427 2510 vatis.
529 2439 588 2509 νε.
604 2437 692 2512 217.
717 2463 820 2532 neque
833 2444 925 2510 enim
946 2433 1030 2535 etc]
1054 2435 1138 2509 Non
1160 2438 1221 2507 de·
1273 2433 1535 2534 Pihmmueqae]
1550 2439 1751 2513 ,Pilumnus
1770 2456 1818 2511 ‘ex
1834 2439 1930 2511 love.
2033 2440 2094 2512 νε.
2109 2443 2195 2516 687.
2221 2447 2270 2513 In

233 2556 289 2612 cet
320 2543 519 2632 principem
550 2554 662 2611 totam
691 2555 831 2610 noctem
865 2565 994 2611 somno
1021 2544 1219 2609 traducere.
1268 2535 1396 2625 facient
1415 2536 1570 2637 Aeneae]
1604 2543 1806 2622 Decorum;
1848 2542 1965 2636 neque
1995 2546 2092 2614 enim
2119 2546 2271 2616 decebat

106 2698 108 2706 .
232 2644 294 2715 νε.
308 2645 395 2718 226.
419 2649 513 2716 Poae
525 2638 681 2740 eeqaene]
707 2637 955 2724 riaoatiatooee.
1056 2641 1116 2713 νε.
1131 2641 1220 2717 287.
1243 2624 1250 2697 l
1273 2639 1439 2711 Turnum
1461 2642 1595 2732 fugere.
1698 2645 1758 2719 νε.
1772 2644 1861 2718 649.
1896 2649 1969 2731 Quo
1986 2643 2104 2744 sapie]
2130 2647 2272 2730 Itonia,

234 2749 318 2820 Tela
342 2742 584 2844 intermedia]
617 2745 833 2836 Perstringit
856 2747 1005 2815 obscure
1030 2740 1220 2814 historiam
1272 2766 1337 2833 per
1365 2740 1691 2836 amphibologiam.
1812 2748 1874 2820 Vs.
1897 2747 1984 2819 668.
2028 2749 2273 2850 Omnipotens]

230 2852 277 2920 de
300 2850 505 2942 praemissis
527 2848 707 2942 equitibus
728 2846 921 2917 Hetruscis.
1046 2844 1108 2914 Vs.
1131 2841 1220 2916 264.
1273 2844 1392 2914 Turni
1412 2847 1556 2939 quercla
1584 2850 1629 2918 ab
1649 2845 1815 2969 honepto.
1917 2850 1979 2924 Vs.
1994 2851 2082 2926 690.
2107 2858 2273 2930 Succedit

234 2954 317 3023 Tela
332 2946 453 3046 manu]
469 2951 522 3018 Ex
532 2949 681 3017 Homeri
695 2946 795 3016 Iliad.
811 2948 873 3017 lib.
882 2948 948 3017 35¹¹
957 2946 999 3040 ⁸).
1059 2945 1120 3018 νε.
1130 2945 1219 3019 279.
1269 2970 1403 3037 puqetae
1420 2945 1506 3044 etc]
1533 2948 1714 3022 Decorum
1737 2978 1776 3022 ru
1798 2949 1999 3047 Tyrrhenis
2020 2959 2269 3043 observatum,

232 3056 425 3137 (70080οι0
440 3045 522 3147 etc]
547 3046 773 3119 Adhortatnr
788 3049 917 3118 milites
939 3050 985 3117 ab
1006 3049 1220 3132 necessario,
1273 3049 1527 3142 quiinlensum
1543 3052 1817 3153 Mezentium⁸²)
1832 3059 1996 3130 oderant.
2093 3057 2156 3129 νε.
2179 3060 2273 3134 698.

231 3155 313 3223 utili
327 3168 363 3223 et
380 3152 542 3223 honesto.
633 3150 694 3222 Vs.
710 3151 799 3222 282.
824 3155 930 3222 Facta
942 3146 1098 3248 param]
1125 3149 1218 3220 Con·
1272 3155 1342 3224 Sed
1357 3148 1543 3250 Latapunt]
1569 3150 1819 3244 dornatiacum.
1904 3159 1966 3231 νε.
1986 3160 2074 3234 704.
2100 3164 2273 3236 101οΜ

231 3256 364 3327 silium.
458 3254 520 3326 νε.
539 3256 627 3325 288.
654 3258 818 3332 Pontibus
833 3248 992 3350 seponit]
1017 3247 1218 3326 ὑποτύπω-
1267 3251 1437 3352 penitere]
1452 3257 1591 3327 Alludit
1605 3261 1651 3328 ad
1666 3260 1782 3330 visum
1796 3261 1970 3338 Hecubes.
2032 3262 2094 3336 Vs.
2103 3262 2192 3335 707.
2216 3272 2274 3338 Ae

231 3378 299 3440 σις.
395 3358 456 3430 νε.
472 3358 559 3428 806.
587 3362 772 3447 Fraqmina
789 3379 956 3427 remorum
971 3351 1054 3453 etc]
1080 3350 1220 3430 ὑποτύ·
1271 3358 1358 3426 wint
1373 3353 1451 3454 ille]
1479 3359 1676 3432 Mezentius
1693 3377 1925 3455 comparatur
1940 3389 2042 3457 apro.
2104 3365 2166 3437 νε.
2177 3365 2270 3437 716.

228 3484 358 3542 amate.
467 3459 528 3531 νε.
542 3461 630 3532 812.
659 3463 774 3532 Occiso
796 3455 966 3555 mone]
990 3457 1218 3548 Commemo-
1275 3461 1422 3531 Verterat
1437 3467 1589 3555 antiquie
1610 3458 1696 3559 ete]
1723 3463 1904 3540 Fictiones
1920 3468 2010 3539 citra
2030 3493 2174 3538 omnem
2199 3494 2271 3538 ne-

231 3563 325 3633 ratio
349 3563 526 3633 caedium.
627 3561 705 3633 Vss.
729 3562 806 3634 822
825 3587 878 3657 sq.
912 3564 1053 3632 Pharon
1076 3602 1127 3614 —
1147 3565 1219 3632 cla·
1272 3561 1469 3633 cenarem
1490 3565 1661 3635 obscurae
1684 3563 1868 3640 historiae.
1966 3570 2032 3642 νε.
2048 3570 2132 3644 726.
2165 3575 2268 3645 Gee-

93 3680 96 3691 '
231 3662 374 3761 mantia]
408 3660 669 3734 Melanchthon
691 3663 777 3754 legit
796 3667 913 3735 Phara
937 3665 973 3732 in
996 3663 1149 3747 Dativo,
1184 3677 1220 3733 et
1270 3666 1343 3746 det,
1375 3661 1496 3762 iiam]
1527 3666 1762 3758 Comparatio
1785 3668 1987 3765 emphatica
2008 3686 2046 3743 ct
2058 3674 2273 3747 homerica.

229 3769 406 3838 clamanti.
510 3766 571 3834 Vs.
589 3766 676 3834 888.
703 3771 852 3856 saepae
869 3761 957 3863 teia]
982 3765 1122 3836 Excitat
1144 3791 1219 3836 sese
1271 3762 1333 3835 Vs.
1362 3764 1448 3837 788.
1498 3766 1660 3867 mana]
1709 3775 1827 3846 παῖαν
1874 3800 1945 3845 vox
1994 3773 2271 3869 triumphantis.

230 3868 482 3937 recordatione
507 3890 592 3937 suae
616 3867 771 3937 virtutis.
830 3873 832 3877 ’
878 3867 939 3938 νε.
956 3864 1043 3939 845.
1068 3872 1135 3940 Hie
1153 3873 1220 3941 cu-
1272 3866 1333 3959 νε.
1348 3866 1435 3944 742.
1459 3876 1517 3942 Ad
1532 3882 1627 3967 quem
1642 3876 1820 3947 subridens
1836 3873 1922 3974 etc]
1946 3879 2117 3949 Relatum
2135 3885 2183 3952 ad
2206 3905 2272 3950 na·
2310 3919 2318 3923 -

230 3966 344 4066 ntae]
363 3970 571 4039 Promiscuc
586 3983 762 4052 recenset,
788 3982 830 4039 ut
843 3969 952 4039 etiarn
968 3994 1025 4041 res
1041 3981 1094 4040 cst
1110 3983 1218 4059 gesta.
1273 3982 1391 4040 turam
1406 3972 1633 4062 ingeniorum
1652 3972 1917 4063 humanorum,
1942 3982 2006 4074 qui
2022 4007 2133 4054 cassu
2143 3997 2181 4053 et
2194 3985 2269 4054 lata

231 4072 293 4143 νε.
313 4071 401 4143 856.
427 4067 535 4168 venti]
563 4070 976 4161 Comparatioaveutis.
1053 4070 1114 4142 Vs.
1131 4072 1219 4144 869.
1272 4073 1496 4144 imminentia
1517 4092 1764 4151 contemnunt.
1867 4081 1928 4154 Vs.
1941 4084 2028 4155 761.
2060 4082 2268 4184 Tisiphone]

230 4177 304 4260 Quo
321 4170 461 4271 sapitis]
488 4174 695 4266 Propositio
720 4175 765 4244 ab
790 4169 953 4268 honesto.
1058 4172 1120 4244 Vs.
1131 4176 1219 4245 871.
1272 4172 1490 4267 Tisiphone,
1515 4180 1646 4266 idest,
1678 4184 1767 4252 ultio
1793 4185 1922 4257 cordis.
2024 4187 2087 4261 νε.
2110 4190 2202 4265 782.
2235 4201 2269 4265 et

230 4282 396 4373 Spemque
411 4273 536 4375 marn]
559 4271 696 4357 πάθος.
768 4275 829 4347 νε.
844 4275 931 4347 878.
959 4279 1022 4348 Eat
1036 4281 1110 4359 aia,
1136 4273 1219 4375 qua]
1270 4281 1480 4372 dulcorata]
1504 4276 1629 4365 πάθος
1645 4308 1666 4352 a
1682 4287 1810 4376 patria.
1896 4287 1958 4360 Vs.
1974 4288 2062 4364 791.
2086 4296 2268 4366 Hieneer.

229 4376 443 4452 Consilium.
547 4379 607 4450 νε.
623 4374 710 4451 875.
735 4382 889 4452 Numina
912 4374 1025 4476 neella]
1051 4380 1083 4446 A
1107 4383 1219 4471 possi·
1270 4385 1317 4452 tie
1336 4378 1462 4480 durae]
1496 4381 1715 4482 ἀποστροφὴ
1738 4391 1784 4457 ad
1808 4387 1980 4464 Lausum.
2090 4393 2156 4470 νε,
2177 4397 2265 4468 802.

229 4482 308 4550 bili.
438 4482 499 4552 Vs.
521 4481 607 4552 877.
649 4487 734 4554 Eece
753 4476 879 4578 mma]
913 4481 968 4551 Ab
994 4483 1218 4574 impossibili.
1267 4482 1358 4572 furit
1373 4482 1458 4582 etc]
1483 4482 1738 4570 ὑποτύπωσις.
1837 4492 1899 4568 νε.
1916 4496 2003 4568 816.
2029 4501 2101 4571 Per
2116 4503 2264 4571 εεειιίιεει

230 4582 294 4654 νε.
309 4581 398 4654 879.
423 4595 457 4653 et
477 4587 607 4655 malias
625 4580 708 4682 cto]
734 4584 908 4654 Pallantis
931 4597 1084 4676 strages,
1110 4610 1217 4680 quam
1270 4582 1357 4683 eto]
1382 4587 1611 4662 Extenuatio.
1674 4589 1735 4662 νε.
1752 4595 1840 4669 828.
1862 4602 2049 4685 Manibus,
2075 4611 2113 4673 ue
2132 4596 2266 4699 cineri]

227 4687 304 4758 auis
328 4682 522 4754 exhortaris
542 4687 665 4773 edidit.
775 4687 835 4758 νε.
853 4686 944 4758 884.
973 4691 1113 4760 Oasitae
1136 4692 1218 4762 leae-
1269 4690 1409 4763 Alludit
1441 4695 1487 4762 ad
1520 4694 1741 4785 impietatem
1776 4699 1956 4778 Mezentii.
2083 4703 2148 4775 νε.
2177 4706 2265 4777 880.

230 4783 378 4886 mm]
404 4779 652 4866 ὑποτύπωσις.
716 4787 792 4860 νεε.
810 4789 883 4861 891
900 4816 953 4884 sq.
980 4796 1117 4863 Daseia
1132 4790 1217 4890 eto]
1269 4799 1406 4867 Aerem
1428 4791 1562 4890 anni]
1597 4800 1629 4866 Α
1650 4798 1787 4870 victore
1808 4803 1939 4896 insigni
1961 4804 2077 4887 vinci,
2112 4821 2169 4880 est
2188 4808 2265 4900 glo·

230 4887 479 4971 ὖποῐύπωσις.
539 4888 599 4957 νε.
617 4886 704 4961 428.
731 4888 932 4989 nodumque]
960 4893 1105 4977 Nudus,
1130 4897 1218 4967 alias
1270 4895 1418 4967 riosum.
1527 4895 1589 4970 νε.
1617 4898 1704 4972 846.
1739 4904 1989 5005 Tantaleam]
2021 4906 2264 4984 arctam-uio.

231 4993 458 5082 deperditum
480 4992 644 5083 peditum
665 4992 857 5062 multitudo
881 5010 943 5067 cst.
1048 4996 1108 5067 Vs.
1130 4996 1217 5070 489.
1270 4996 1331 5070 νε.
1347 4995 1434 5071 858.
1468 5004 1572 5073 Haud
1593 5009 1738 5077 deieelm
1758 5005 1897 5106 ηεειιει]
1922 5007 2049 5091 πάθος
2072 5012 2120 5082 ab
2150 5039 2262 5109 cquo;

233 5097 370 5165 interea
420 5089 538 5190 mor]
594 5093 708 5163 Soror
755 5095 872 5164 Turni
919 5095 1081 5192 nympha
1125 5115 1217 5187 erat.
1268 5103 1465 5174 suntenim
1484 5104 1522 5174 in
1539 5129 1632 5200 equo
1650 5111 1846 5202 praesagia.
1948 5111 2010 5183 Vs.
2026 5113 2112 5188 872.
2142 5117 2264 5209 atsu-

231 5193 293 5264 νε.
312 5191 399 5266 448.
429 5219 581 5286 eeperem
601 5190 685 5293 etc]
711 5189 837 5278 πάθος
857 5197 944 5269 irae.
1047 5201 1108 5276 νε.
1128 5200 1217 5278 450.
1269 5209 1337 5277 riie
1351 5202 1437 5304 etc]
1462 5209 1643 5283 auectus.
1711 5209 1769 5283 νε.
1787 5207 1874 5283 875.
1898 5218 1962 5288 Sia
1972 5214 2092 5317 pater]
2117 5219 2265 5296 Aeneae

226 5345 230 5355 ¹
265 5362 315 5430 at)
334 5349 793 5425 netotlthtcnoitt.15aa-¹cto.
810 5366 933 5433 eillogq
951 5368 1083 5424 aaran.
1102 5373 1216 5428 nuuttt.
1303 5372 1352 5431 82)
1370 5369 1551 5444 Mezentlum]
1570 5377 1714 5431 stettein.
1734 5337 1924 5431 tacti-tw.
1944 5383 2079 5451 ethlom
2112 5387 2167 5441 tte
2183 5387 2262 5440 1888.

265 5433 334 5494 81·)
352 5430 430 5485 Rom.
449 5433 480 5486 ll.
499 5433 546 5499 nt,
567 5431 657 5498 seqq.
1240 5445 1245 5489 Ι
1338 5443 1512 5496 Ιειουιιιειι.
